2984 4309
447 322 495 385 4
1180 325 1264 390 Μ.
1311 326 1575 392 TULLms
1630 325 1896 392 Ciomos
2010 345 2014 352 ¹
2555 337 2665 380 6-9

448 432 2663 456 ---—-—..-—-...-.......-.....-.--.-------

451 551 716 621 quoque
755 539 1270 622 -ingrediendum
1327 529 1450 619 sit,
1516 544 1684 608 istuc
1706 592 1721 621 ,
1788 562 1919 624 quo
1984 541 2373 623 pervenisti,
2440 539 2665 606 videre

451 647 644 727 quale
691 647 792 712 sit.
2466 709 2471 714 ,

388 737 460 852 ᾗ
629 755 826 820 CATO.
920 757 1202 836 Faciam,
1251 743 1325 821 ut
1369 763 1623 839 potere,
1674 759 1868 823 Laeli.
1962 758 2175 838 Saepe
2225 757 2399 822 enim
2459 756 2660 820 inter-

449 861 539 924 fui
601 863 882 943 querelis
946 865 1319 944 aequalium
1380 885 1674 929 meorum
1747 900 1827 911 ——-
1894 883 2086 946 pares
2151 869 2371 930 autem
2438 865 2661 927 vetere

447 969 792 1048 proverbio
857 989 1006 1034 cum
1073 971 1340 1052 paribus
1407 972 1703 1036 facillime
1769 976 2247 1053 congregantur
2312 1007 2418 1048 -‚
2485 989 2657 1051 quae
2734 983 2739 988 ’

445 1075 519 1139 C.
568 1076 916 1155 Salinator,
965 1098 1135 1159 quae
1183 1079 1296 1160 Sp.
1330 1079 1625 1157 AlbinuS‚
1674 1079 1974 1144 homines
2005 1079 2402 1154 consulareS,
2448 1077 2656 1150 nostri

448 1182 580 1246 fere
627 1185 954 1264 aequaleS‚
1003 1185 1345 1266 deplorare
1391 1187 1713 1263 solebant,
1775 1191 1915 1250 tum
1982 1185 2161 1267 quod
2207 1185 2657 1267 voluptatibus

444 1295 764 1368 carerent,
831 1291 970 1355 sine
1036 1293 1272 1373 quibus
1335 1293 1539 1359 vitam
1609 1294 1852 1358 nullam
1900 1296 2229 1375 putarent,
2288 1295 2430 1356 tum
2478 1291 2656 1373 quod

441 1402 910 1477 spernerentur
955 1399 1040 1464 ab
1089 1400 1184 1478 iis,
1233 1421 1274 1465 a
1322 1401 1560 1482 quibus
1609 1405 1825 1465 essent
1872 1401 1994 1465 coli
2034 1401 2226 1465 soliti.
2320 1399 2446 1476 Qui
2494 1399 2657 1464 mihi

446 1523 578 1570 non
626 1505 692 1568 id
725 1504 1117 1570 videbantur
1142 1527 1470 1586 accusare,
1520 1508 1697 1590 quod
1730 1512 1901 1573 esset
1929 1508 2389 1572 accusandum.
2483 1505 2653 1570 Nam

445 1613 500 1676 si
547 1613 613 1676 id
661 1613 853 1695 culpa
899 1616 1248 1678 senectutis
1295 1616 1637 1694 accideret,
1689 1616 1918 1680 eadem
1970 1614 2127 1679 mihi
2189 1634 2313 1678 usu
2353 1614 2655 1678 ¹venirent

443 1720 838 1803 reliquisque
866 1722 1168 1786 omnibus
1207 1723 1561 1787 maioribus
1589 1728 1772 1801 natu,
1819 1742 2101 1805 quorum
2149 1740 2269 1801 ego
2298 1721 2655 1800 multorum

446 1829 722 1908 cognovi
767 1833 1169 1894 senectutem
1217 1831 1356 1896 sine
1403 1831 1690 1912 querela,
1738 1831 1848 1912 qui
1898 1849 1967 1894 se
2014 1834 2079 1894 et
2125 1829 2465 1895 libidinum
2512 1828 2655 1892 vine

441 1935 604 1999 culis
652 1936 906 2000 laxatos
956 1957 1097 2001 esse
1143 1957 1276 2002 non
1323 1940 1598 2003 moleste
1643 1938 1883 2003 ferrent
1929 1957 2049 2002 nec
2097 1957 2137 2000 a
2183 1936 2315 2002 suis
2362 1935 2653 2017 despice-

443 2046 690 2106 rentur.
783 2041 912 2108 Sed
975 2045 1267 2108 omnium
1331 2046 1697 2110 istiusmodi
1763 2045 2200 2127 querelarum.
2240 2044 2305 2108 in
2362 2043 2653 2120 moribus

444 2154 543 2214 est
592 2151 803 2232 culpa,
850 2171 984 2216 non
1032 2153 1097 2216 in
1146 2157 1382 2218 aetate.
1475 2153 1794 2218 Moderati
1844 2153 2016 2218 enim
2066 2156 2131 2216 et
2177 2172 2298 2216 nec
2360 2150 2651 2216 difficiles

445 2277 567 2322 nec
631 2257 968 2322 inhumani
1033 2279 1222 2324 senes
1297 2260 1700 2336 tolerabilem
1766 2263 2167 2325 senectutem
2232 2262 2463 2338 agunt,
2530 2257 2653 2320 im·-

445 2364 814 2446 portunitas
861 2370 1082 2430 autem
1132 2370 1195 2430 et
1241 2366 1685 2431 inhumanitas
1733 2367 1912 2431 omni
1960 2367 2160 2432 aetati
2207 2366 2483 2430 molesta
2531 2368 2651 2428 est.

385 2490 417 2530 s
625 2472 901 2536 Limnos,
1012 2474 1144 2551 Est,
1212 2478 1285 2537 ut
1347 2475 1537 2551 dicis,
1603 2475 1797 2551 Cato;
1881 2474 1997 2539 sed
2080 2474 2356 2538 fortasse
2419 2472 2653 2538 dixerit

444 2580 768 2662 quispiam
828 2580 942 2645 tibi
1008 2585 1277 2663 propter
1339 2603 1517 2664 opes.
1546 2587 1613 2647 et
1657 2582 1879 2663 copias
1926 2586 1990 2647 et
2037 2582 2419 2660 dignitatem
2466 2585 2648 2644 tuam

443 2688 946 2753 tolerabiliorem
1021 2694 1421 2754 senectutem
1499 2689 1738 2766 videri,
1815 2689 1879 2752 id
1956 2692 2178 2753 autem
2251 2707 2384 2754 non
2456 2707 2649 2768 posse

444 2795 666 2859 multis
713 2796 1104 2877 contingere.

622 2905 818 2968 CATO.
913 2904 1025 2968 Est
1072 2904 1246 2969 istud
1293 2905 1580 2986 quidem,
1627 2905 1825 2982 Laeli,
1892 2904 2156 2986 aliquid,
2223 2903 2339 2968 sed
2372 2920 2653 2984 ‚nequa-

441 3029 644 3092 quam
711 3011 774 3073 in
844 3010 967 3075 isto
1031 3015 1184 3074 sunt
1249 3012 1488 3077 omnia.
1584 3013 1671 3076 Ut
1716 3011 2185 3076 Themistocles
2231 3012 2433 3076 fertur
2478 3009 2651 3074 Seri-

443 3118 598 3199 phio
648 3117 904 3183 cuidam
954 3118 1019 3182 in
1067 3120 1273 3198 iurgio
1321 3120 1754 3200 respondisse,
1806 3139 1955 3183 cum·
2018 3119 2121 3182 ille
2186 3118 2455 3182 dixisset
2515 3136 2648 3180 non

441 3245 592 3289 eum
644 3245 783 3302 sua,
831 3226 946 3289 sed
995 3226 1246 3307 patriae
1292 3227 1497 3307 gloria
1543 3226 1956 3308 splendorem
2026 3230 2426 3291 assecutum:
2496 3224 2653 3302 ‚Neo

445 3331 724 3411 hercule,
775 3333 1002 3414 inquit,
1051 3334 1104 3396 si
1153 3351 1272 3412 ego
1321 3334 1655 3415 Seriphius
1705 3354 1933 3411 essem,
1982 3353 2105 3399 nec
2166 3337 2258 3409 tu,
2326 3334 2379 3397 si
2444 3332 2648 3396 Athe-

443 3440 704 3518 niensiS,
755 3441 968 3505 c'larus
1014 3460 1329 3522 umquam
1384 3442 1655 3506 fuisseS.‘
1750 3441 1943 3519 Quod
2008 3442 2237 3504 eodem
2302 3440 2501 3504 modo
2566 3440 2649 3503 de

445 3551 780 3612 senectute
845 3547 969 3612 dici
1034 3550 1270 3629 potest.
1381 3549 1515 3613 Nec
1581 3549 1754 3614 enim
1802 3549 1866 3612 in
1916 3568 2176 3612 summa
2222 3547 2443 3628 inopia
2489 3547 2649 3612 levis

445 3673 588 3719 esse
660 3659 961 3719 senectus
1036 3659 1253 3737 potest
1317 3675 1401 3720 ne
1464 3656 1743 3737 sapienti
1808 3655 2073 3737 quidem
2136 3674 2257 3719 nec
2318 3654 2649 3735 insipienti

385 3781 416 3818 9
445 3763 639 3828 etiam
709 3763 774 3826 in
842 3782 1099 3827 summa
1166 3763 1353 3843 copia
1418 3783 1550 3826 non
1617 3762 1852 3842 graviS.
1964 3762 2323 3843 Aptissima
2380 3761 2647 3825 omnino
