2984 4309
383 392 539 433 18-21
1008 374 1184 439 CA‘ro
1231 394 1422 438 MAIOR
1470 393 1546 437 DE
1594 394 1949 439 sensorum.
2548 376 2587 436 9

384 486 2592 516 ——--——-—--—r———-—-————-—-—-—-—-——---

385 611 518 673 qua
565 590 772 654 vereri
817 609 952 655 non
997 594 1151 655 ante
1199 591 1515 668 desinam,
1590 610 1791 672 quam
1854 591 2031 654 illam
2098 592 2382 655 excisam
2451 607 2592 653 esse

387 716 772 777 cognovero.
867 697 1082 774 Quam
1129 699 1418 779 palmam
1467 698 1719 762 utinam
1769 697 1832 761 di
1881 691 2299 773 immortaleS,
2350 695 2587 778 Scipio,
2622 720 2675 758 ιε)

379 805 504 868 tibi
551 809 906 881 reservent,
937 808 1028 868 ·ut
1063 806 1169 869 avi
1202 804 1508 886 reliquias
1546 808 1977 887 persequare!
2072 804 2274 869 Cuius
2302 825 2343 868 a
2381 809 2591 868 morte

389 916 608 975 sextus
657 912 760 977 hic
807 914 874 975 et
920 911 1279 975 tricesimus
1327 931 1540 976 annus
1606 914 1723 987 est,
1792 911 1904 977 sed
1972 912 2357 976 memoriam
2423 910 2591 974 illius

391 1019 508 1081 viri
555 1038 782 1083 omnes
831 1018 1160 1099 excipient
1198 1018 1354 1082 anni
1411 1023 1905 1099 consequentes,
2016 1018 2209 1086 Anno
2268 1022 2423 1083 ante
2486 1038 2593 1082 me

390 1145 724 1190 censorem
772 1129 1069 1190 mortuus
1116 1128 1233 1202 est,
1301 1145 1535 1189 novem
1604 1126 1793 1189 annis
1856 1130 2007 1207 post
2073 1145 2291 1189 meum
2358 1145 2593 1189 consu-

389 1234 618 1309 latum,
665 1252 813 1296 cum
863 1233 1088 1296 consul
1131 1232 1370 1296 -iterum
1421 1252 1527 1296 me
1556 1233 1837 1299 consule
1870 1237 2127 1299 creatus
2160 1238 2348 1298 esset.
2420 1232 2593 1296 Num

390 1340 622 1421 igitur,
667 1341 720 1403 si
768 1340 854 1404 ad
901 1339 1326 1403 centesimum
1373 1358 1619 1403 annum
1668 1341 1953 1417 vixisset,
2022 1340 2374 1406 senectutis
2444 1347 2593 1405 eum

388 1468 550 1511 suae
625 1446 1036 1527 paeniteret?
1146 1445 1280 1511 Nec
1358 1448 1533 1511 enim
1611 1448 1989 1513 excursione
2052 1468 2171 1512 nec
2237 1447 2408 1512 saltu
2478 1467 2596 1512 nec

387 1555 646 1618 eminus
712 1553 916 1618 hastis
981 1559 1096 1619 aut
1161 1554 1523 1618 comminus
1588 1554 1817 1635 gladiis
1884 1558 2193 1631 uteretur,
2262 1555 2378 1619 sed
2440 1544 2595 1619 con-

391 1655 554 1737 silio,
601 1661 876 1738 ratione,
925 1662 1268 1727 sententia.
1361 1661 1547 1738 Quae
1593 1662 1714 1725 nisi
1763 1665 1979 1727 essent
2024 1662 2088 1725 in
2128 1662 2412 1739 semme,
2461 1682 2596 1725 non

392 1789 722 1833 summum
769 1768 1108 1832 consilium
1169 1769 1449 1833 maiores
1497 1770 1699 1832 nostri
1766 1768 2206 1850 appellassent
2271 1773 2597 1833 senatum.

392 1877 588 1957 Apud
633 1876 1187 1964 Lacedaemonios
1235 1875 1496 1957 quidem
1555 1875 1619 1954 ii,
1685 1877 1797 1957 qui
1852 1876 2327 1957 amplissimum
2392 1876 2596 1955 magi·
2626 1903 2679 1943 20

393 1987 672 2048 stratum
737 1988 1002 2064 gerunt,
1069 1987 1142 2047 ut
1207 1988 1386 2059 sunt,
1457 1984 1548 2047 sic
1630 1984 1828 2047 etiam
1896 1984 2320 2048 nominantur
2388 2003 2591 2048 senes

395 2090 642 2169 Quodsi
708 2090 921 2168 legere
989 2094 1106 2155 aut
1169 2089 1395 2154 audire
1461 2091 1693 2155 voletis
1756 2095 2065 2169 externa„
2112 2090 2431 2155 maximas
2496 2086 2599 2155 res

397 2197 691 2279 publicas
737 2196 821 2261 ab
870 2197 1394 2262 adulescentibus
1442 2195 1887 2273 labefactataS‚
1945 2218 1986 2262 a
2033 2197 2295 2261 senibus
2344 2202 2600 2261 susten-

393 2308 571 2368 tatas
618 2309 684 2368 et
729 2305 1066 2368 restitutas
1111 2304 1466 2385 reperietis,

627 2410 864 2489 „Germ
932 2416 1040 2492 qui
1089 2416 1370 2475 vestram
1434 2431 1569 2475 rem
1621 2411 1947 2492 puhlicam
1996 2415 2247 2477 tantam
2298 2412 2603 2475 amisistis

1976 2522 2111 2582 tam
2162 2519 2290 2583 cito
2310 2523 2377 2582 ?“

392 2626 502 2690 Sic
550 2626 720 2690 enim
787 2624 1256 2707 percontantur
1319 2626 1384 2689 in
1449 2626 1677 2690 Naevii
1743 2628 1977 2707 poetae
2044 2626 2264 2701 Ludo;
2332 2644 2602 2707 respon-

395 2734 635 2796 dentur
679 2737 744 2796 et
791 2733 918 2797 alia
967 2736 1030 2797 et
1075 2733 1200 2797 hoc
1248 2733 1602 2814 imprimis:
2373 2746 2375 2749 ’

635 2839 1152 2916 ,Proveniebant
1197 2844 1494 2904 oratores
1540 2845 1713 2917 novi,
1760 2840 1935 2903 stulti
1986 2839 2508 2904 adulescentuli.“

393 2946 760 3011 Temeritas
843 2950 942 3011 est
1024 2947 1323 3012 videlicet
1386 2946 1677 3011 florentis
1761 2946 2015 3023 aetatis,
2083 2946 2435 3027 prudentia
2502 2966 2604 3009 se-

397 3053 740 3119 nescentis

479 3328 485 3335 .
577 3267 667 3331 At
714 3267 1034 3332 memoria
1080 3267 1410 3331 minuitur.
1506 3267 1738 3345 Cred0‚
1778 3267 1901 3331 nisi
1938 3287 2085 3331 eam
2121 3287 2445 3343 exerceas
2486 3271 2604 3333 aut
2626 3258 2681 3368 {l

398 3373 595 3437 etiam
646 3373 702 3436 si
747 3373 834 3437 sis
881 3378 1120 3439 natura
1157 3375 1424 3439 tardior.
1519 3374 1988 3440 Themistocles
2029 3374 2323 3438 omnium
2363 3374 2602 3440 civium

397 3485 779 3561 perceperat
823 3481 1130 3557 nomina;
1191 3501 1346 3545 num
1398 3481 1591 3561 igitur
1638 3482 1912 3546 censetis
1970 3501 2140 3557 eum,
2190 3501 2339 3546 cum
2387 3486 2605 3547 aetate

399 3587 839 3667 processisset,
913 3588 1023 3669 qui
1099 3588 1418 3652 Aristides
1503 3593 1703 3665 esset,
1779 3588 2229 3672 Lysimachum
2319 3588 2605 3653 salutare

395 3694 710 3757 solitum?
821 3694 1137 3775 Equidem
1203 3714 1336 3758 non
1402 3696 1604 3761 modo
1672 3715 1785 3759 eos
1848 3696 2020 3773 novi,
2092 3696 2204 3777 qui
2250 3700 2422 3773 sunt,
2489 3696 2603 3760 sed

399 3819 628 3865 eorum
673 3804 893 3883 patres
941 3794 1140 3866 etiam
1187 3805 1251 3867 et
1314 3822 1492 3880 εινοε,
1552 3821 1675 3867 nec
1722 3803 2022 3884 sepulcra
2086 3803 2304 3881 legens
2352 3821 2600 3881 vereor,
