2984 4309
325 383 456 424 9-11
911 427 918 436 ,
963 364 1138 429 ΟΑΤο
1187 384 1377 429 MAIOR
1425 384 1502 428 DE
1549 384 1903 428 sensorum.
2039 412 2042 421 .
2496 369 2542 431 5

329 588 500 660 sunt,
547 583 766 665 Scipio
816 587 882 650 et
925 583 1124 662 Laeli,
1171 601 1359 648 arma
1398 582 1749 647 senectutis
1796 588 1972 650 artes
2010 585 2535 651 exercitationes-

326 710 454 772 que
500 692 836 768 virtutum,
885 710 1057 771 quae
1084 689 1151 753 in
1184 690 1360 754 omni
1389 693 1610 754 aetate
1638 690 1873 766 cultae,
1906 711 2055 756 cum
2084 692 2196 756 diu
2229 681 2543 757 multum-

327 818 455 880 que
519 797 786 876 vixeriS,
852 797 1160 860 mirificos
1225 797 1503 860 efferunt
1566 797 1841 875 fructUS‚
1908 817 2039 862 non
2106 800 2318 864 solum
2384 802 2541 882 quia

324 921 686 985 numquam
755 905 1063 969 deserunt
1127 922 1210 967 ne
1276 907 1569 968 extremo
1629 905 1895 986 quidem
1960 910 2257 988 tempore
2304 909 2541 979 aetatis

326 1051 410 1057 ——
457 1031 860 1094 quamquam
908 1012 975 1074 id
1021 1011 1284 1092 quidem
1336 1012 1697 1076 maximum
1746 1017 1845 1077 est
1893 1051 1998 1093 ——,
2046 1034 2274 1079 verum
2337 1015 2534 1079 etiam

323 1120 478 1201 quia
524 1119 919 1183 conscientia
963 1118 1131 1184 bene
1178 1123 1366 1183 actae
1393 1118 1568 1184 vitae
1607 1120 2095 1203 multorumque
2124 1122 2292 1186 bene
2331 1123 2535 1188 facto-

321 1246 468 1290 rum
514 1226 878 1291 recordatio
927 1225 1395 1289 iucundissima
1443 1229 1561 1289 est.

499 1440 634 1519 Ego
682 1439 760 1517 Q.
809 1440 1186 1534 Maximum,
1237 1459 1385 1503 eum
1435 1440 1546 1520 qui
1594 1439 1954 1505 Tarentum
1977 1435 2256 1523 recepit,
2305 1464 2526 1508 senem
2548 1435 2611 1546 ᾗ)

320 1547 700 1612 adulescens
747 1548 836 1611 ita
885 1547 1098 1624 dilexi,
1147 1551 1220 1611 ut
1266 1547 1648 1627 aequalem3
1707 1551 1849 1611 erat
1894 1549 2067 1612 enim
2118 1550 2183 1612 in
2230 1551 2337 1614 illo
2386 1553 2527 1616 viro

320 1655 624 1719 comitate
670 1655 932 1719 condita
979 1654 1286 1732 gravitas,
1352 1673 1474 1717 nec
1522 1659 1821 1719 senectus
1868 1674 2085 1720 mores
2131 1662 2521 1725 mutaverat.

325 1761 739 1842 Quamquam
810 1781 953 1826 eum
1023 1761 1236 1825 colere
1301 1761 1485 1841 coepi
1560 1781 1695 1824 non
1770 1761 2127 1827 admodum
2213 1767 2528 1846 grandem

317 1872 498 1946 nam,
547 1869 661 1933 s'ed
708 1872 931 1932 tamen
976 1868 1109 1932 iam
1157 1872 1374 1932 aetate
1419 1871 1823 1948 provectum.
1918 1871 2113 1934 Anno
2160 1873 2331 1936 enim
2370 1879 2521 1954 post

321 1974 548 2039 consul
591 1976 873 2056 primum
921 1975 1151 2050 fuerat,
1217 1994 1416 2056 quam
1477 1993 1597 2054 ego
1644 1979 1838 2040 natus
1885 1996 2052 2055 sum,
2118 1998 2398 2060 cumque
2446 2001 2524 2046 eo

324 2085 628 2162 quartum
681 2082 944 2146 consule
1007 2081 1537 2146 adulescentulus
1611 2083 1797 2146 miles
1863 2085 1947 2149 ad
2016 2084 2312 2166 Capuam
2376 2107 2529 2169 pro-

322 2189 526 2253 fectus
574 2208 719 2252 sum
766 2190 1127 2270 quintoque
1175 2209 1351 2253 anno
1397 2193 1548 2270 post
1594 2191 1679 2253 ad
1727 2190 2107 2261 Tarentum.
2203 2193 2529 2271 Quaestor

320 2295 556 2358 deinde
603 2295 1030 2376 quadriennio
1087 2301 1236 2376 post
1299 2297 1510 2360 factus
1576 2317 1743 2375 sum,
1810 2318 2004 2380 quem
2072 2301 2526 2379 magistratum

321 2403 489 2482 gessi
535 2402 906 2466 consulibus
972 2404 1302 2469 Tuditano
1369 2409 1434 2468 et
1500 2404 1807 2485 Cetheg0‚
1877 2425 2020 2469 cum
2091 2407 2357 2488 quidem
2423 2408 2525 2472 ille

321 2509 674 2573 admodum
727 2530 926 2574 senex
972 2530 1204 2574 suasor
1251 2511 1407 2590 legis
1453 2512 1714 2576 Cinciae
1760 2512 1843 2577 de
1890 2512 2080 2576 donis
2128 2517 2192 2578 et
2240 2516 2524 2580 muneri-

320 2616 442 2678 bus
487 2616 624 2680 fuit.
717 2617 836 2680 Hic
885 2622 951 2682 et
996 2617 1165 2682 bella
1211 2618 1478 2697 gerebat
1526 2623 1601 2682 ut
1644 2619 2055 2698 adulescenS,
2121 2640 2270 2684 cum
2328 2622 2524 2703 plane

318 2723 580 2801 grandis
629 2728 818 2802 esset,
887 2729 950 2788 et
1013 2725 1448 2790 Hannibalem
1515 2726 1878 2792 iuveniliter
1926 2728 2357 2793 exsultantem
2403 2749 2522 2811 pa-

318 2829 548 2893 tientia
594 2850 714 2895 sua
763 2831 1133 2905 molliebat;
1215 2833 1296 2896 de
1361 2853 1491 2914 quo
1541 2834 1873 2914 praeclare
1922 2815 2254 2900 familiaris
2299 2839 2521 2900 noster

323 2937 600 3002 Ennius:

539 3045 759 3122 „Unus
807 3046 1005 3109 homo
1054 3046 1242 3109 nobis
1290 3048 1657 3112 cunctando
1704 3049 1987 3112 restituit
2032 3069 2192 3113 rem.

530 3151 826 3216 Noenum
878 3172 1174 3217 rumores
1212 3155 1501 3234 ponebat
1546 3159 1699 3219 ante
1748 3156 2047 3220 salutem.

525 3260 692 3340 Ergo
739 3265 1020 3342 postque
1069 3261 1404 3342 magisque
1451 3262 1571 3327 viri
1619 3282 1793 3326 nunc
1839 3264 2044 3344 gloria
2092 3264 2349 3328 claret.“

315 3366 674 3429 Tarentum
721 3387 872 3431 vero
939 3387 1072 3448 qua
1119 3368 1468 3447 vigilantia,
1538 3389 1668 3450 quo
1716 3371 1985 3434 consilio
2033 3371 2299 3451 recepit!
2372 3393 2517 3436 cum
2552 3404 2595 3442 11

315 3472 574 3554 quidem
626 3493 732 3536 me
780 3475 1087 3539 audiente
1135 3475 1507 3553 Salinatori,
1558 3477 1669 3557 qui
1717 3478 1959 3542 amisso
1999 3477 2240 3558 oppido
2271 3478 2522 3556 fugerat

315 3581 381 3644 in
431 3599 669 3657 arcem,
717 3581 1020 3662 glorianti
1067 3587 1264 3663 atque
1311 3584 1401 3646 ita
1449 3584 1723 3648 dicenti:
1776 3586 1939 3661 ‚Mea
1967 3604 2189 3666 opera,
2230 3584 2307 3661 Q.
2337 3585 2518 3664 Fabi,

313 3687 675 3752 Tarentum
723 3689 1082 3769 recepisti‘:
1149 3690 1402 3768 ,Certe‘,
1467 3690 1677 3771 inquit
1722 3691 1960 3768 ridenS,
2031 3712 2203 3770 ‚nam
2261 3692 2383 3755 nisi
2448 3698 2520 3757 tu

311 3795 666 3874 amisisseS,
743 3815 1107 3878 numquam
1189 3798 1623 3878 recepissem‘.
1743 3797 1878 3863 Nec
1952 3818 2105 3862 vero
2179 3799 2246 3862 in
2320 3800 2519 3864 armis

420 3905 675 3950 Ciceros
709 3908 842 3951 Cato
873 3908 1043 3951 maior
1075 3909 1138 3951 de
1170 3913 1461 3954 senectute.
2264 3907 2303 3970 2
