2984 4309
295 389 460 431 ετ-ἰο
924 371 1098 435 CATO
1148 390 1338 434 MAJOR
1387 390 1462 432 or,
1510 385 1865 433 sannorum.
1892 365 1905 378 '
2422 369 2505 432 29

295 590 553 655 facilius
600 590 664 654 in
712 589 977 653 morbos
1024 588 1318 653 incidunt
1345 587 1817 664 adulescente5‚
1850 587 2111 668 gravius
2144 590 2505 666 aegrotant,

299 697 548 761 tristius
613 700 938 760 curantur.
1045 696 1276 777 Itaque
1337 695 1531 777 pauci
1596 695 1867 758 veniunt
1926 695 2011 758 ad
2078 697 2505 766 senectutem;

297 805 482 887 quod
545 804 612 867 ni
676 804 767 869 ita
831 803 1185 879 accideret,
1253 803 1482 866 melius
1566 807 1631 867 et
1712 801 2097 882 prudentius
2163 802 2506 866 viveretur.

303 913 488 976 Mens
551 911 722 975 enim
790 913 855 974 et
918 911 1087 974 ratio
1153 914 1218 974 et
1283 910 1622 974 consilium
1690 909 1755 972 in
1811 909 2076 973 senibus
2124 913 2248 981 est;
2298 908 2411 990 qui
2456 909 2509 970 si

301 1017 457 1082 nulli
487 1018 777 1094 fuissent,
825 1016 1042 1081 nullae
1072 1017 1339 1082 omnino
1377 1017 1673 1081 civitates
1712 1016 2001 1080 fuissent.
2036 1053 2101 1060 —
2132 1015 2263 1078 Sed
2310 1015 2509 1078 redeo

295 1125 390 1191 ad
417 1130 697 1189 mortem
727 1125 1232 1206 impendentem.
1309 1122 1501 1200 Quod
1536 1128 1637 1188 est
1663 1123 1837 1187 istud
1866 1123 2110 1187 crimen
2141 1123 2509 1194 senectutis

301 1251 450 1296 cum
499 1231 563 1294 id
594 1230 652 1296 ei
699 1231 975 1297 videatis
1022 1251 1165 1296 cum
1198 1231 1638 1296 adulescentia
1670 1252 1810 1295 esse
1840 1233 2229 1294 commune?
2325 1229 2512 1293 Sensi
2540 1247 2591 1287 68

297 1356 425 1419 -ego
490 1339 556 1402 in
621 1339 871 1420 optimo
936 1338 1088 1415 filio,
1156 1343 1225 1402 tu
1289 1339 1355 1402 in
1423 1339 1809 1420 exspectatis
1875 1338 1960 1402 ad
2039 1337 2510 1419 amplissimam

309 1447 685 1526 dignitatem
773 1446 1080 1510 fratribus
1105 1496 1119 1522 ,
1189 1446 1408 1528 Scipio
1431 1496 1445 1522 ,
1513 1450 1792 1510 mortem
1860 1446 2038 1510 omni
2104 1445 2307 1510 aetati
2362 1457 2513 1508 'esse

297 1572 742 1618 communem.
836 1554 925 1616 At
972 1557 1194 1634 sperat
1239 1553 1629 1619 adulescens
1675 1552 1786 1616 diu
1834 1573 1903 1616 se
1938 1553 2286 1630 victurum,
2334 1552 2511 1633 quod

298 1679 570 1740 sperare
615 1659 788 1724 idem
838 1679 1036 1724 senex
1082 1680 1216 1723 non
1253 1665 1490 1740 potest.
1584 1660 1969 1741 Insipienter
2006 1663 2245 1741 sperat.
2340 1658 2513 1736 Quid

307 1767 477 1831 enim
545 1767 804 1831 stultius
869 1787 1067 1848 quam
1136 1767 1382 1831 incerta
1446 1787 1566 1848 pro
1634 1766 1825 1832 certis
1872 1767 2135 1844 habere,
2182 1767 2346 1831 falsa
2390 1786 2512 1847 pro

306 1873 515 1938 veris?
608 1874 696 1937 At
742 1893 940 1938 senex
985 1895 1068 1938 ne
1115 1875 1290 1955 quod
1339 1878 1556 1955 speret
1618 1874 1880 1956 quidem
1948 1875 2167 1938 habet.
2263 1876 2350 1937 At
2417 1877 2515 1947 est

299 2000 385 2044 oeo
432 1981 698 2044 meliore
726 1981 1106 2046 condicione
1153 2001 1354 2062 quam
1401 1981 1806 2059 adulescenS,
1857 1982 2167 2065 quoniam
2198 1981 2285 2057 id,
2334 1981 2513 2062 quod
2600 2032 2606 2040 .

308 2088 410 2152 ille
475 2091 716 2168 sperat,
781 2088 884 2152 hic
952 2092 1338 2152 consecutus
1405 2092 1532 2152 est:
1601 2089 1705 2154 ille
1769 2089 1909 2152 vult
1968 2089 2078 2152 diu
2128 2089 2361 2165 vivere,
2411 2087 2513 2152 hic

295 2195 416 2258 diu
463 2194 640 2259 vixit.

484 2300 924 2383 Quamquam,
992 2323 1030 2366 o
1098 2302 1160 2365 di
1228 2303 1410 2366 boni!
1479 2303 1637 2384 quid
1686 2306 1784 2367 est
1831 2302 1895 2365 in
1944 2302 2227 2366 hominis
2272 2306 2511 2367 natura
2540 2325 2594 2363 69

303 2409 456 2472 diu?
527 2404 624 2472 Da
672 2410 844 2473 enim
877 2430 1205 2473 summum
1239 2414 1519 2491 tempuS,
1551 2413 2001 2490 exspectemus
2030 2410 2513 2474 Tartessiorum

302 2516 473 2597 regis
538 2520 825 2582 aetatem
895 2555 974 2564 —
1043 2517 1162 2580 fuit
1226 2516 1419 2592 enim,
1485 2520 1559 2580 ut
1624 2518 1933 2598 scriptum
1983 2516 2192 2592 vide0‚
2260 2517 2513 2598 Argan-

304 2623 569 2688 thonius
634 2624 903 2705 quidam
973 2623 1282 2701 Gadibus,
1349 2625 1456 2704 qui
1527 2624 1857 2703 octoginta
1922 2624 2216 2704 regnavit
2280 2643 2510 2698 annOS,

303 2733 564 2796 centum
613 2731 836 2810 viginti
884 2731 1041 2794 vixit
1091 2753 1200 2794 -ε
1269 2731 1384 2796 sed
1451 2731 1609 2794 mihi
1672 2751 1754 2795 ne
1820 2731 2193 2794 diuturnum
2245 2731 2508 2812 quidem

295 2837 666 2918 quidquam
729 2839 1005 2914 videtur,
1072 2837 1139 2900 in
1205 2857 1336 2919 quo
1402 2842 1503 2902 est
1568 2838 1814 2918 aliquid
1870 2841 2251 2902 extremum.
2347 2839 2509 2903 Cum

309 2944 479 3009 enim
528 2944 594 3006 id
641 2945 928 3021 advenit,
978 2949 1118 3009 tum
1168 2945 1345 3023 illud,
1394 2944 1575 3025 quod
1618 2944 1973 3026 praeteriit,
2024 2944 2299 3021 effluxit;
2368 2948 2515 3010 tan-

297 3054 444 3113 tum
491 3055 808 3128 remanet,
858 3053 1036 3133 quod
1083 3053 1321 3116 virtute
1369 3056 1433 3115 et
1479 3058 1655 3116 recte
1712 3053 1896 3116 factis
1944 3057 2331 3116 consecutus
2396 3053 2513 3129 sis;

303 3158 505 3222 horae
570 3159 831 3240 quidem
899 3160 1141 3225 cedunt
1218 3163 1280 3223 et
1346 3159 1484 3222 dies
1558 3163 1623 3224 et
1689 3179 1947 3224 menses
2009 3164 2070 3224 et
2142 3161 2325 3235 anni,
2394 3181 2514 3224 nec

295 3264 728 3346 praeteritum
766 3271 1025 3348 tempus
1054 3286 1369 3346 umquam
1398 3267 1767 3343 revertitur,
1813 3286 1951 3344 nec,
1990 3266 2147 3348 quid
2178 3271 2512 3349 sequatur,

296 3371 446 3436 sciri
518 3377 754 3453 potest.
850 3373 1041 3451 Quod
1107 3374 1340 3453 cuique
1406 3373 1721 3454 temporis
1768 3373 1853 3438 ad
1900 3374 2245 3438 vivendum
2298 3375 2514 3451 datur,

299 3498 382 3542 eo
431 3479 626 3545 debet
674 3501 815 3545 esse
843 3484 1208 3545 contentus,
1303 3481 1532 3561 Neque
1562 3482 1734 3544 enim
1768 3481 2084 3558 histrioni,
2133 3486 2204 3545 ut
2233 3482 2510 3562 placeat,
2545 3500 2595 3539 το

303 3588 678 3667 peragenda
749 3587 967 3653 fabula
1035 3592 1152 3665 est,
1219 3587 1440 3666 modo,
1509 3589 1574 3650 in
1640 3607 2055 3670 quocumque
2102 3589 2292 3653 fuerit
2339 3594 2510 3667 acm,

300 3694 637 3776 probetur,
685 3715 898 3778 neque
946 3695 1349 3776 sapientibus
1382 3715 1591 3776 usque
1622 3696 1706 3760 ad
1738 3695 2077 3774 ,Plaudite‘
2120 3697 2511 3762 veniendum

295 3804 422 3865 est.
516 3804 722 3866 Breve
771 3804 941 3867 enim
991 3807 1252 3884 tempus
1291 3803 1525 3867 aetatis
1565 3803 1725 3868 satis
1762 3804 2029 3883 longum
2077 3808 2176 3868 est
2222 3805 2308 3868 ad
2344 3804 2511 3868 bene
