2984 4309
858 955 953 1069 Μ.
1030 953 1407 1089 TULLII
1481 943 2055 1068 CICERONIS

458 1131 731 1246 cuo
808 1132 1150 1247 imon
1227 1133 1356 1246 1)ss
1431 1129 2063 1247 sssnsscunss
2140 1050 2557 1243 um..

678 1331 823 1409 AD
882 1332 970 1409 T.
1031 1328 1686 1438 POMPONIUM
1742 1326 2247 1408 ATTIGUM.

1231 1640 1701 1710 Vorwort.

359 1777 671 1844 widmung
698 1794 773 1832 an
802 1779 865 1831 Τ.
894 1779 1241 1847 Pomponius
1269 1780 1514 1835 Atticus·
1579 1779 1817 1845 Augabe
1847 1780 1951 1833 der
1976 1775 2575 1852 Darstellungsweise·

2594 1886 2622 1938 1

2574 1957 2626 1997 ἰ

583 1904 674 1982 „O
722 1904 888 1982 Tite,
937 1907 988 1968 si
1037 1906 1193 1987 quid
1243 1920 1361 1987 ego
1409 1906 1679 1972 adiuero
1726 1925 2035 1972 curamve
2082 1905 2357 1980 levaSSO,

577 2011 766 2090 Quae
810 2031 984 2077 nunc
1031 2017 1096 2078 te
1143 2015 1362 2095 coquit
1409 2019 1476 2077 et
1520 2018 1739 2078 versat
1785 2014 1851 2077 in
1897 2017 2161 2094 pectore
2207 2012 2357 2088 fixa,

575 2119 822 2200 Ecquid
871 2120 991 2184 erit
1037 2121 1365 2201 praemi?“

519 2223 712 2308 Licet
797 2244 968 2307 enim
1053 2245 1210 2308 mihi
1279 2245 1573 2309 versibus
1637 2246 1864 2309 iisdem
1943 2244 2128 2308 affari
2174 2247 2240 2307 te
2262 2291 2277 2320 ‚
2341 2242 2572 2318 Attice,

299 2397 302 2406 .
361 2345 599 2431 quibus
645 2350 884 2414 affatur
932 2351 1366 2428 Flamininum

553 2455 701 2535 „Ille
747 2457 845 2520 vir
891 2458 1074 2523 haud·
1108 2479 1349 2539 magna
1377 2479 1529 2524 cum
1559 2480 1650 2536 re,
1699 2459 1814 2522 sed
1842 2459 2073 2540 plenus
2102 2457 2309 2521 fidei.“

543 2563 961 2646 Quamquam
1012 2571 1188 2632 certo
1237 2567 1371 2630 scio
1418 2586 1574 2644 non,
1623 2571 1695 2630 ut
1744 2566 2203 2642 Flamininum,

551 2669 929 2750 „Sollicitari
976 2677 1061 2749 te,
1111 2673 1279 2751 Tite,
1327 2675 1416 2738 sic
1464 2678 1821 2754 noctesque
1850 2673 2177 2754 diesque.“

542 2779 710 2842 Novi
744 2780 917 2843 enim.
951 2781 1470 2845 moderationem
1504 2780 1705 2844 animi
1736 2780 1833 2843 tui
1863 2784 1927 2844 et
1955 2779 2355 2861 aequitatem
2383 2782 2579 2858 teque

367 2905 497 2950 non
530 2905 893 2965 cognomen
914 2887 1127 2950 solum
1147 2888 1422 2952 Athenis
1443 2889 1846 2969 deportasse,
1869 2887 1985 2952 sed
2013 2886 2491 2950 humanitatem
2514 2887 2580 2949 et

364 2992 782 3074 prudentiam
828 2993 1150 3075 intellego.
1246 2995 1328 3058 Et
1373 2999 1595 3060 tamen
1654 2999 1719 3059 te
1767 2995 2061 3075 suspicor
2107 2993 2337 3056 iisdem
2363 2991 2579 3072 rebus

367 3100 602 3181 quibus
631 3121 737 3166 me
765 3097 983 3182 ipsurn'
1010 3102 1341 3166 interdum
1371 3102 1634 3183 gravius
1664 3101 2081 3178 commoveri,
2112 3119 2389 3182 quarum
2425 3116 2579 3164 con-

367 3206 600 3270 solatio
649 3212 714 3272 et
763 3209 971 3272 maior
1018 3212 1116 3273 est
1165 3214 1232 3273 et
1275 3210 1340 3272 in
1390 3209 1570 3273 aliud
1619 3214 1879 3291 tempus
1917 3207 2297 3272 differenda.
2390 3205 2580 3269 Nunc

367 3317 587 3378 autem
617 3315 828 3378 visum
876 3320 974 3380 est
1004 3317 1163 3379 mihi
1191 3316 1274 3381 de
1303 3320 1637 3382 senectute
1668 3317 1911 3398 aliquid
1942 3316 2028 3380 ad
2059 3319 2122 3379 te
2148 3313 2572 3378 conscribere.

367 3419 509 3484 Hoc
555 3423 728 3485 enim
776 3443 992 3499 onere,
1042 3424 1221 3505 quod
1258 3423 1415 3487 mihi
1463 3443 1811 3488 commune
1848 3427 2067 3488 tecum
2117 3424 2234 3499 est,
2284 3424 2401 3484 aut
2445 3417 2577 3483 iam
2608 3447 2633 3487 2

366 3529 656 3607 urgentis
727 3534 846 3594 aut
917 3534 1091 3595 certe
1165 3531 1583 3596 adventantis
1657 3531 2011 3595 senectutis
2085 3534 2151 3594 et
2213 3532 2280 3592 te
2345 3531 2410 3591 et
2472 3546 2581 3592 me

369 3635 566 3700 etlam
613 3635 826 3716 ipsum
875 3637 1077 3702 levari
1121 3638 1299 3714 volo;
1353 3637 1472 3703 etsi
1521 3642 1589 3702 te
1635 3637 1900 3719 quidem
1950 3637 2013 3700 id
2053 3636 2307 3700 modice
2352 3653 2431 3698 ac
2476 3655 2581 3699 sa-

367 3742 622 3823 pienter
686 3743 852 3808 sicut
917 3744 1136 3809 omnia
1204 3750 1269 3808 et
1315 3745 1480 3810 ferre
1548 3749 1612 3810 et
1677 3745 1963 3810 laturum
2013 3763 2154 3808 esse
2200 3745 2376 3808 certo
2427 3740 2581 3810 scio.
