2984 4309
373 368 535 409 62—64
774 383 778 387 ·
999 350 1173 413 CAro
1222 368 1412 412 MAloR
1461 369 1538 411 nr:
1584 368 1939 416 sannorum.
2494 347 2575 410 27

377 584 618 645 magno
644 566 998 647 quondam
1047 584 1197 629 cum
1244 564 1846 631 assensuomnium
1886 564 2037 641 dixi,
2085 564 2390 627 miseram
2438 581 2581 626 ess-e

376 670 798 749 senectutem,
839 692 1018 753 -quae
1065 692 1135 735 se
1189 672 1486 736 oratione
1552 670 1957 735 defenderet.·
2040 670 2187 733 Non
2254 670 2397 734 cani
2461 688 2584 732 nec

377 800 578 860 rugae
624 784 893 861 repente
940 780 1394 843 auctoritatem
1421 778 1733 859 ‚arripere
1786 781 2081 859 possunt,
2130 778 2244 843 sed
2309 776 2581 841 honeste

378 892 526 952 acta
590 886 886 967 superior
949 891 1132 951 aetas
1205 885 1452 949 fructus
1519 886 1694 966 capit
1757 884 2163 949 auctoritatis
2237 887 2581 948 extremos

381 994 554 1061 Haec
602 994 774 1057 enim
815 994 966 1073 ipsa
1013 997 1164 1056 sunt
1213 992 1645 1073 honorabilia,
1694 1012 1864 1074 quae
1910 990 2424 1055 videnturlevia
2481 994 2584 1055 at·
2608 1008 2663 1049 63

379 1120 505 1182 que
552 1100 955 1164 communia:
1015 1099 1304 1175 salutari,
1371 1098 1613 1180 appeti,
1681 1098 1925 1175 decedi,
1991 1098 2267 1180 assurgi,
2329 1097 2582 1173 deduci,

377 1207 619 1283 reduci,
666 1206 944 1281 consuli;
993 1225 1164 1287 quae
1214 1210 1278 1269 et
1326 1206 1504 1287 apud
1550 1226 1670 1269 nos
1722 1209 1793 1272 ‚et
1857 1206 1921 1268 in
1968 1202 2127 1269 aliis
2192 1204 2581 1282 civitatibus,

377 1319 450 1378 ut
496 1334 797 1395 quaeque
865 1314 1112 1395 optime
1176 1318 1435 1378 morata
1502 1318 1619 1389 est,
1687 1313 1778 1378 ita
1826 1312 2312 1393 diligentissime
2355 1312 2582 1375 obser-

377 1426 631 1485 vantur.
745 1421 1152 1503 Lysandrum
1217 1421 1805 1486 Lacedaemonium
1832 1469 1847 1497 ,
1930 1419 2111 1484 cuius
2194 1420 2391 1483 modo
2464 1419 2584 1483 feci

377 1528 778 1592 mentionem
803 1578 818 1605 ,
903 1528 1116 1593 dicere
1199 1528 1382 1591 aiunt
1465 1527 1731 1590 solitum
1796 1526 2355 1591 Lacedaemonem
2444 1546 2585 1594 esse

379 1634 907 1699 honestissimum
955 1634 1379 1701 domicilium,
1403 1633 1781 1710 senectutis;
1832 1653 2158 1715 nusquam
2208 1634 2381 1698 enim
2437 1638 2583 1698 tan-

263 1745 277 1757 “
379 1746 519 1806 tum
585 1742 892 1805 tribuitur
955 1742 1195 1820 aetati,
1261 1762 1585 1823 nusquam
1655 1745 1753 1805 est
1818 1743 2118 1807 senectus
2182 1740 2582 1805 honoratior.

380 1847 553 1924 Quin
617 1849 815 1913 etiam
879 1850 1238 1914 memoriae
1301 1849 1634 1931 proditum
1698 1852 1817 1926 est,
1883 1868 2031 1913 cum
2079 1847 2351 1921 Athenis
2417 1847 2584 1911 ludis

380 1955 647 2036 quidam
713 1956 779 2019 in
843 1956 1173 2021 theatrum
1237 1956 1503 2037 grandis
1567 1960 1730 2020 natu
1793 1956 2095 2033 venisset,
2146 1974 2383 2035 magno
2433 1974 2587 2019 con-

381 2082 563 2127 sessu
609 2047 826 2126 locum
872 2082 1200 2145 nusquam
1247 2064 1308 2127 ei
1353 2063 1581 2128 datum
1623 2084 1663 2127 a
1693 2063 1825 2126 suis
1855 2064 2127 2139 civibus;
2180 2081 2326 2126 cum
2365 2067 2583 2126 autem

380 2169 465 2233 ad
543 2170 1096 2235 Lacedaemonios
1173 2171 1587 2246 accessisset,
1664 2171 1795 2251 qui,
1856 2170 2049 2251 legati
2123 2190 2268 2233 cum
2350 2173 2585 2245 essent,

381 2282 558 2341 certo
624 2277 688 2341 in
753 2278 897 2341 loco
963 2278 1420 2354 consederant,
1500 2277 1981 2342 consurrexisse
2046 2296 2273 2340 omnes
2338 2276 2425 2339 illi
2490 2276 2588 2340 di-

382 2388 617 2449 cuntur
663 2388 727 2449 et
773 2403 996 2448 senem
1043 2404 1296 2449 sessum
1334 2385 1674 2466 recepisse.
1769 2383 2019 2460 Quibus
2068 2402 2216 2447 cum
2263 2404 2303 2447 a
2351 2387 2585 2447 cuncto
2614 2396 2667 2436 64

382 2510 691 2556 consessu
755 2490 1022 2572 plausus
1103 2496 1274 2556 esset
1337 2491 1675 2572 multiplex
1740 2490 1933 2555 datus
1958 2492 1989 2569 ,'
2048 2488 2287 2554 dixisse
2360 2506 2438 2553 ex
2512 2490 2588 2553 iis

384 2597 716 2679 quendam
780 2598 1212 2662 Athenienses
1259 2598 1440 2675 scire,
1491 2618 1659 2680 quae
1706 2603 1882 2663 recta
1932 2602 2168 2675 essent,
2216 2598 2331 2662 sed
2377 2598 2588 2663 facere

380 2705 573 2768 nolle.

559 2812 763 2877 Multa
810 2814 876 2877 in
923 2817 1140 2877 vestro
1186 2814 1473 2894 collegio,
1503 2814 1861 2894 praeclara,
1919 2812 2035 2877 sed
2103 2812 2246 2890 hoc,
2311 2812 2391 2875 de
2458 2832 2587 2893 quo

383 2919 655 2999 agimuS,
703 2920 1042 3002 imprimiS‚
1092 2920 1290 3002 quod,
1339 2924 1415 2984 ut
1459 2922 1737 3002 quisque
1801 2924 2019 2986 aetate
2084 2920 2429 2997 antecedit,
2495 2920 2587 2984 ita

382 3027 744 3092 sententiae
788 3028 1224 3109 principatum
1272 3032 1470 3104 tenet,
1534 3048 1747 3109 neque
1814 3028 2023 3091 solum
2091 3028 2339 3091 honore
2404 3031 2589 3091 ante-

384 3134 783 3211 cedentibus,
831 3135 948 3199 sed
994 3135 1070 3198 iis
1118 3136 1336 3211 etiam,
1386 3136 1496 3216 qui
1556 3154 1703 3199 cum
1750 3135 2023 3216 imperio
2070 3138 2243 3211 sunt,
2310 3134 2591 3198 maiores

386 3243 546 3304 natu
593 3261 873 3322 augures
920 3244 1428 3323 anteponuntur.
1524 3242 1709 3319 Quae
1765 3246 1918 3306 sunt
1981 3242 2174 3321 igitur
2219 3241 2589 3323 voluptates

386 3347 675 3427 corporis
722 3367 868 3411 cum
916 3349 1321 3414 auctoritatis
1367 3349 1674 3429 praemiis
1723 3349 2247 3430 comparandae?
2341 3348 2591 3425 Quibus

388 3455 508 3535 qui
545 3455 883 3536 splendide
945 3456 1044 3520 usi
1111 3460 1282 3533 sunt,
1349 3456 1391 3520 ii
1456 3456 1615 3519 mihi
1668 3456 1965 3521 videntur
2022 3456 2309 3520 fabulam
2358 3454 2591 3519 aetatis

387 3563 710 3643 peregisse
756 3550 886 3627 nec*
924 3567 1264 3644 tamquam
1288 3650 1292 3655 ³
1313 3563 1716 3628 inexercitati
1762 3563 2105 3626 histriones
2170 3562 2236 3625 in
2302 3566 2592 3625 extremo

387 3674 538 3733 actu
587 3668 924 3749 corruisse.
1978 3662 1982 3669 ’
