2984 4309
467 353 553 416 20
1205 356 1286 420 M.
1336 356 1599 421 Tamus
1646 356 1910 421 Clcssnos
2516 376 2686 418 45—48

467 576 532 636 et
577 572 987 637 sermonibus
1025 574 1360 640 metiebar.
1455 576 1634 639 Bene
1663 576 1834 639 enim
1876 577 2156 640 maiores
2196 577 2675 643 accubitionem

462 679 796 760 epularem
864 680 1254 758 amicorum,
1331 682 1485 762 quia
1550 682 1723 747 vitae
1787 683 2307 747 coniunctionem
2376 684 2671 763 haberet,

462 787 830 852 convivium
896 788 1420 865 nominaverunt,
1487 789 1718 853 melius
1786 809 1986 871 quam
2054 790 2301 868 Graeci,
2370 792 2480 873 qui
2546 792 2673 856 hoc

382 976 388 989 .
463 893 634 958 idem
684 896 824 958 tum
873 895 1454 976 compotationem‚
1503 900 1643 959 tum
1693 898 2225 963 concenationem
2267 903 2525 975 vocant,
2575 904 2668 977 ut,

463 1002 638 1082 quod
718 1003 784 1065 in
851 1023 928 1067 eo
1003 1023 1238 1083 genere
1305 1003 1646 1067 minimum
1715 1008 1841 1082 est,
1909 1003 1975 1067 id
2041 1006 2324 1069 maxime
2387 1006 2671 1087 probare

375 1099 440 1209 {g
463 1109 825 1175 videantur.
921 1110 1054 1190 Ego
1100 1130 1256 1174 vero
1302 1114 1572 1191 propter
1616 1112 1933 1175 sermonis
1972 1111 2471 1178 delectationem
2500 1117 2670 1178 tem-

461 1217 728 1297 pestivis
802 1237 1065 1298 quoque
1111 1218 1422 1281 conviviis
1499 1218 1805 1295 delector,
1883 1238 2005 1282 nec
2070 1239 2214 1283 cum
2283 1221 2668 1301 aequalibus

461 1324 692 1399 solum,
742 1326 854 1405 qui
899 1324 1092 1405 pauci
1139 1325 1494 1388 admodum
1546 1329 1813 1401 restant,
1862 1325 1976 1389 sed
2026 1346 2170 1391 cum
2211 1330 2427 1391 vestra
2464 1328 2665 1391 etiam

461 1436 678 1495 aetate
725 1436 924 1513 atque
972 1432 1328 1509 vobiscum,
1391 1431 1735 1513 habeoque
1782 1435 2097 1498 senectuti
2145 1453 2452 1515 magnam
2516 1454 2667 1515 gra-

459 1538 641 1613 tiam,
707 1558 877 1619 quae
943 1538 1099 1601 mihi
1164 1539 1480 1603 sermonis
1547 1538 1925 1604 aviditatem
1990 1530 2190 1617 auxit,
2256 1540 2540 1621 potionis
2598 1545 2667 1605 et

461 1645 583 1709 cibi
644 1646 923 1709 sustulit.
1017 1644 1266 1722 Quodsi
1331 1666 1526 1727 quem
1596 1646 1792 1711 etiam
1850 1646 1975 1710 ista
2040 1647 2365 1711 delectant
2431 1684 2510 1693 —-
2580 1668 2667 1711 ne

461 1754 727 1815 omnino
794 1753 1033 1816 bellum
1099 1753 1406 1817 indixisse
1471 1753 1697 1817 videar
1752 1754 2093 1833 voluptati,
2159 1754 2342 1817 cuius
2389 1758 2486 1817 est
2535 1755 2666 1818 for-

458 1864 634 1925 tasse
698 1858 966 1939 quidam
1031 1859 1346 1924 naturalis
1410 1860 1647 1923 modus
1715 1897 1819 1936 —-‚
1885 1879 2013 1923 non
2082 1861 2384 1939 intellego
2451 1880 2533 1925 ne
2594 1862 2663 1925 in

459 1966 596 2031 istis
662 1967 926 2047 quidem
994 1967 1147 2048 ipsis
1193 1967 1640 2048 voluptatibus
1709 1986 1932 2031 carere
1994 1987 2188 2030 sensu
2237 1972 2661 2032 senectutem.

459 2076 560 2146 Me
609 2093 762 2137 vero
812 2078 875 2138 et
923 2074 1294 2152 magisteria
1342 2073 1671 2137 delectant
1735 2094 1775 2137 a
1839 2072 2195 2137 maioribus
2252 2074 2550 2140 instituta
2598 2079 2667 2139 et

458 2184 510 2245 is
559 2201 792 2257 sermo,
862 2182 972 2261 qui
1038 2200 1219 2244 more
1277 2179 1597 2245 maiorum
1648 2200 1689 2243 a
1735 2200 1992 2244 summo
2040 2181 2384 2245 adhibetur
2430 2182 2497 2244 in
2541 2202 2663 2263 po-

459 2289 623 2366 cu10‚
673 2293 736 2353 et
781 2287 1036 2368 pocula,
1086 2288 1250 2352 sicut
1289 2288 1353 2350 in
1394 2288 1740 2369 Symposio
1770 2287 2224 2370 Xenophontis
2254 2291 2369 2364 est,
2412 2288 2663 2352 minuta

459 2402 656 2477 atque
703 2396 1029 2470 rorant.ia;
1098 2416 1269 2477 quae
1335 2394 1600 2477 quidem
1668 2395 1865 2460 etiam
1931 2396 1997 2458 in
2045 2394 2304 2458 Sabinis
2358 2396 2665 2476 persequi

459 2504 637 2569 soleo
687 2503 1184 2585 conviviumque
1229 2504 1591 2567 vicinorum
1654 2502 1891 2566 cotidie
1947 2502 2264 2582 comple0‚
2333 2502 2511 2582 quod
2576 2503 2663 2565 ad

461 2612 734 2673 multam
784 2614 1065 2687 noctem,
1133 2630 1333 2690 quam
1382 2611 1666 2675 maxime
1713 2628 2082 2690 possumuS‚
2132 2609 2313 2673 vario
2361 2629 2666 2673 sermone

375 2738 426 2780 47
455 2717 892 2799 producimus.
935 2754 1018 2761 —-
1058 2716 1148 2781 At
1175 2737 1308 2781 non
1339 2721 1437 2781 est
1466 2717 1875 2797 voluptatum
1912 2720 2096 2780 tanta
2143 2716 2330 2797 quasi
2377 2716 2660 2781 titillatio

460 2826 525 2888 in
599 2825 880 2888 senibus.
993 2823 1234 2901 Cred0‚
1311 2824 1425 2887 sed
1490 2843 1574 2887 ne
1638 2824 2028 2888 desideratio
2094 2824 2377 2905 quidem.
2489 2822 2663 2886 Nihil

461 2936 680 2995 autem
730 2935 828 2994 est
873 2931 1242 3007 molestum,
1298 2931 1476 3011 quod
1524 2949 1658 2994 non
1706 2930 2051 2995 desideres,
2164 2930 2340 2995 Bene
2405 2929 2661 3009 Sopho—

462 3040 609 3115 cleS‚
679 3058 821 3103 cum
893 3059 970 3103 ex
1036 3058 1112 3102 eo
1183 3038 1450 3119 quidam
1517 3038 1649 3101 iam
1713 3038 1947 3101 affecto
2021 3040 2238 3101 aetate
2297 3040 2659 3117 quaereret,

463 3150 836 3211 utereturne
902 3146 1096 3209 rebus
1145 3145 1457 3208 veneriis:
1536 3143 1647 3221 „Di
1704 3142 2009 3208 meliora!
2078 3143 2321 3224 inquit;
2387 3143 2665 3206 libenter

462 3273 614 3318 vero
690 3254 875 3318 istinc
940 3253 1107 3315 sicut
1179 3273 1219 3316 a
1285 3252 1551 3314 domino
1618 3251 1855 3329 agresti
1920 3270 1997 3314 ac
2052 3251 2292 3315 furioso
2339 3250 2650 3330 profugi.“

461 3360 727 3441 Cupidis
771 3360 938 3423 enim
992 3377 1209 3423 rerum
1255 3360 1484 3423 talium
1533 3356 1831 3421 odiosum
1878 3356 2155 3421 fortasse
2200 3360 2267 3419 et
2312 3356 2660 3421 molestum

461 3471 559 3531 est
613 3484 854 3544 carere,
919 3467 1170 3531 satiatis
1235 3486 1390 3530 vero
1455 3468 1522 3528 et
1578 3465 1847 3545 expletis
1906 3465 2247 3528 iucundius
2296 3468 2393 3528 est
2439 3482 2659 3527 carere

461 3592 657 3656 quam
726 3573 871 3638 frui.
999 3574 1412 3653 Quamquam
1488 3590 1622 3634 non
1707 3575 1885 3635 caret
1956 3572 2039 3648 is,
2110 3572 2219 3652 qui
2284 3590 2416 3634 non
2490 3569 2659 3633 desi-

462 3683 684 3756 derat3
770 3700 923 3759 ergo
999 3682 1124 3745 hoc
1207 3700 1338 3744 non
1412 3679 1785 3743 desiderare
1856 3678 2004 3742 dico
2078 3698 2218 3743 esse
2292 3676 2656 3741 iucundius

382 3806 432 3844 ⁴5
463 3788 710 3866 Quodsi
759 3788 897 3850 istis
942 3788 1100 3870 ipsis
1146 3786 1591 3868 voluptatibus
1635 3785 1812 3849 bona
1850 3790 2034 3850 aetas
2074 3768 2303 3849 fruitur
2333 3784 2657 3859 libentiUS‚
