2984 4309
330 1771 384 1810 33

329 3372 382 3412 34

423 361 502 422 14
1162 360 1244 436 Μ.
1293 359 1557 424 TULLms
1604 360 1873 425 Cranaos
2462 380 2622 420 32—34

414 577 677 658 quidem
745 577 820 640 iis
885 596 1028 640 esse
1093 576 1357 654 viribuS,
1420 577 1657 658 quibus
1722 583 1838 642 aut
1905 578 2089 642 miles
2154 579 2323 643 bello
2372 553 2619 645 Punico

415 688 529 748 aut
576 689 886 766 quaestor
931 684 1159 748 eodem
1211 684 1378 748 bello
1426 689 1543 748 aut
1607 685 1832 748 consul
1897 687 1961 748 in
2008 687 2324 767 Hispania
2390 688 2619 752 fuerim

414 796 531 856 aut
593 791 1020 872 quadriennio
1084 796 1256 872 post,
1323 811 1472 855 cum
1538 791 1840 856 tribunus
1905 792 2202 856 militaris
2250 794 2621 874 depugnavi

415 899 589 980 apud
636 898 1109 981 Thermopylas
1155 899 1259 962 Μ’.
1310 898 1661 964 Glabrione
1708 900 1991 974 consule,
2056 899 2173 964 sed
2236 905 2479 976 tamen,
2547 905 2623 965 ut

417 1025 530 1068 vos
576 1005 827 1083 videtiS,
875 1024 1007 1068 non
1056 1005 1249 1085 plane
1296 1025 1402 1068 me
1451 1006 1803 1082 enervavit,
1853 1025 1984 1070 non
2026 1006 2252 1072 afflixit
2298 1013 2618 1085 senectUS,

413 1098 545 1176 'non
609 1113 789 1176 curia
835 1111 1004 1188 vires
1068 1132 1250 1177 meas
1316 1111 1665 1189 desiderat,
1731 1132 1863 1176 non
1927 1117 2161 1191 rostra,
2228 1135 2361 1179 non
2408 1115 2620 1191 amici,

412 1240 544 1283 non
619 1221 920 1294 clienteS,
998 1238 1130 1282 non
1205 1218 1514 1300 hospiteS.
1635 1219 1769 1283 Nec
1844 1221 2015 1285 enim
2089 1241 2407 1302 umquam
2475 1242 2618 1286 sum

411 1346 716 1390 assensus
778 1327 979 1390 veteri
1044 1325 1130 1388 illi
1208 1326 1609 1406 laudatoque
1682 1327 2067 1407 proverbiO,
2144 1329 2321 1410 quod
2396 1335 2623 1394 monet

413 1437 689 1509 ,mature
735 1433 875 1496 fieri
921 1452 1164 1508 senem,
1221 1433 1277 1496 si
1341 1431 1452 1496 diu
1499 1433 1656 1497 velis
1724 1453 1920 1498 senex
1986 1441 2169 1499 esse.⁶
2265 1435 2399 1516 Ego
2463 1425 2621 1500 vero

411 1559 517 1604 me
565 1541 779 1603 minus
825 1539 936 1603 diu
984 1559 1202 1603 senem
1255 1559 1397 1604 esse
1444 1540 1704 1603 mallem
1745 1560 1945 1621 quam
1993 1561 2137 1604 esse
2174 1561 2418 1619 senem,
2468 1549 2622 1607 ante

411 1667 611 1728 quarn
678 1667 906 1710 essem.
999 1646 1228 1727 Itaque
1291 1667 1485 1710 nemo
1553 1647 1767 1711 adhuc
1832 1649 2178 1712 convenire
2242 1669 2347 1712 me
2396 1651 2618 1727 voluit,

413 1754 516 1818 cui
591 1753 822 1816 fuerim
895 1758 1274 1834 occupatus,
1389 1753 1475 1816 At
1548 1754 1764 1816 minus
1836 1753 2050 1818 habeo
2119 1757 2345 1819 virium
2419 1775 2618 1837 quam

412 1865 704 1926 vestrum
768 1860 1033 1924 utervis,
1125 1859 1223 1924 Ne
1287 1879 1405 1923 vos
1470 1845 1745 1941 quidem*
1800 1860 1876 1924 T.
1945 1861 2159 1925 Pontii
2224 1862 2620 1926 centurionis

412 1969 581 2031 vires
646 1966 926 2032 habetis:
995 1987 1156 2030 num
1220 1967 1458 2031 idcirco
1524 1972 1624 2030 est
1679 1967 1783 2031 ille
1828 1969 2305 2050 praestantior?
2398 1970 2622 2033 Mode-

323 2085 328 2098 '
413 2075 579 2139 ratio
627 2074 826 2139 modo
872 2075 1106 2138 virium
1155 2074 1342 2152 adsit,
1394 2079 1458 2139 et
1496 2077 1775 2152 tantum,
1823 2080 2143 2156 quantum
2180 2079 2397 2156 potest
2444 2078 2621 2158 quis-

413 2202 560 2264 que,
600 2182 874 2247 nitatur:
926 2201 1007 2245 ne
1047 2182 1149 2245 ille
1188 2202 1319 2246 non
1357 2200 1599 2261 magno
1639 2182 1960 2246 desiderio
2008 2183 2335 2248 tenebitur
2362 2183 2617 2248 virium.

413 2289 755 2372 Olympiae
818 2309 938 2370 per
1001 2289 1284 2352 stadium
1349 2290 1679 2368 ingressus
1745 2309 1887 2353 esse
1952 2289 2101 2353 Milo
2168 2289 2421 2367 dicitur,
2472 2311 2617 2355 cum

411 2396 653 2460 umeris
699 2396 1048 2460 sustineret
1093 2397 1350 2460 bovem.
1453 2397 1686 2461 Utrum
1754 2397 1949 2475 igitur
1994 2397 2115 2461 has
2180 2385 2501 2478 corporis'
2534 2418 2620 2460 an

411 2503 823 2585 Pythagorae
892 2502 1006 2567 tibi
1069 2503 1259 2566 malis
1323 2503 1491 2568 vires
1558 2504 1797 2582 ingenii
1863 2503 2041 2567 dari?
2134 2504 2429 2585 Denique
2492 2505 2617 2567 isto

410 2611 586 2674 bono
634 2614 840 2687 utare,
889 2610 1045 2673 dum
1095 2610 1286 2686 adsit,
1334 2630 1481 2674 cum
1532 2612 1721 2688 absit,
1771 2630 1855 2675 ne
1901 2610 2216 2692 requiraS,
2282 2613 2407 2674 nisi
2454 2612 2621 2675 forte

412 2718 860 2784 adulescentes
906 2718 1276 2798 pueritiam,
1326 2718 1660 2798 paululum
1729 2721 1946 2782 aetate
2006 2718 2330 2798 progressi
2395 2717 2619 2783 adule-

410 2826 722 2891 scentiam
780 2824 1020 2888 debent
1066 2825 1413 2905 requirere.
1510 2825 1753 2888 Cursus
1810 2829 1910 2888 est
1976 2828 2189 2889 certus
2255 2825 2489 2889 aetatis
2555 2829 2624 2888 et

407 2953 544 2998 una
607 2932 712 2995 via
777 2936 1082 3007 naturae,
1161 2952 1369 3013 eaque
1443 2932 1745 3012 simplex,
1822 2952 2071 3013 suaque
2148 2932 2381 3014 cuique
2444 2932 2614 3012 parti

410 3040 644 3105 aetatis
709 3039 1180 3121 tempestivitas
1248 3044 1345 3103 est
1407 3039 1584 3115 data,
1649 3044 1720 3103 ut
1767 3043 1831 3103 et
1877 3039 2217 3103 infirmitas
2263 3058 2617 3120 puerorum

411 3152 476 3212 et
522 3147 821 3211 ferocitas
868 3147 1176 3210 iuvenum
1227 3150 1290 3211 et
1335 3147 1622 3225 gravitas
1668 3147 1800 3209 iam
1849 3147 2207 3211 constantis
2254 3146 2487 3210 aetatis
2554 3150 2622 3209 et

411 3255 761 3319 senectutis
808 3253 1152 3318 maturitas
1200 3253 1499 3318 naturale
1546 3254 1859 3334 quiddam
1926 3253 2187 3329 habeat,
2254 3252 2433 3334 quod
2496 3270 2617 3316 suo

411 3365 706 3442 tempore
752 3360 995 3441 percipi
1043 3360 1300 3424 debeat.
1394 3361 1642 3425 Audire
1669 3365 1734 3424 te
1765 3361 2063 3437 arbitror,
2094 3359 2333 3440 Scipio,
2380 3360 2621 3439 hospes

410 3473 562 3531 tuus
607 3469 820 3532 avitus
867 3467 1210 3532 Masinissa
1257 3486 1427 3548 quae
1482 3468 1681 3531 faciat
1744 3467 1940 3531 hodie
1999 3468 2359 3546 nonaginta
2422 3470 2619 3530 natus

411 3595 647 3639 annos:
699 3595 844 3639 curn
894 3574 1222 3653 ingressus
1270 3575 1391 3638 iter
1436 3574 1715 3656 pedibus
1762 3575 1865 3650 sit,
1916 3573 1980 3636 in
2042 3593 2281 3654 equum
2350 3573 2619 3636 omnino

410 3701 544 3745 non
590 3681 962 3757 ascendere,
1013 3701 1162 3744 cum
1211 3684 1429 3744 autem
1473 3701 1665 3762 equo,
1706 3701 1785 3744 ex
1824 3699 1994 3760 equo
2030 3699 2163 3742 non
2202 3679 2617 3756 descendere,

410 3788 587 3852 nullo
653 3787 862 3864 imbri,
929 3787 1106 3850 nullo
1173 3788 1406 3866 frigore
1473 3788 1738 3866 adduci,
1806 3791 1879 3850 ut
1944 3787 2154 3867 capite
2220 3790 2449 3867 operto
2514 3787 2617 3864 sit,
