2984 4309
302 395 461 436 82—84
946 377 1122 442 CA'ro
1161 393 1359 442 ‘MAloR
1409 398 1486 440 DE
1533 397 1887 442 sannorum.
2428 379 2509 441 35

305 598 442 678 ipse
488 595 754 686 aliquid·
782 615 964 660 more
1011 615 1237 660 senum
1273 596 1527 676 glorier,
1578 615 1682 661 me
1710 598 1931 660 tantos
1961 596 2216 659 labores
2246 595 2545 659 diurnos·

305 707 793 784 nocturnosque
841 703 1019 765 domi
1065 702 1463 783 militiaeque
1510 705 1961 784 suscepturum
2016 703 2231 780 fuisse,
2288 703 2342 766 si
2406 703 2512 766 iis-

307 811 457 874 dem
503 810 742 873 finibus
789 810 1059 887 gloriam
1108 827 1346 883 meam,
1396 809 1633 890 quibus
1672 809 1893 886 vitam,
1944 829 2153 876 essem
2200 808 2515 884 termina?

306 923 529 980 turus?
621 915 854 980 Nonne
905 916 1134 980 melius
1191 916 1396 978 multo
1461 916 1687 980 fuisset
1754 915 2034 981 otiosam
2098 919 2384 980 aetatem
2451 919 2516 979 et

305 1025 592 1106 quietam
689 1024 827 1087 sine
929 1022 1054 1087 ullo
1154 1023 1378 1087 labore
1471 1028 1536 1087 et
1629 1024 2045 1088 contentione
2130 1023 2513 1088 traducere?

278 1132 435 1207 ¹Sed
483 1131 698 1196 nescio
766 1130 1098 1212 quomodo
1165 1131 1422 1196 animus
1485 1131 1738 1210 erigens
1785 1151 1855 1194 se
1909 1131 2357 1212 posteritatem
2426 1129 2515 1193 ita

305 1258 562 1320 semper
624 1238 1082 1320 prospiciebat,
1149 1238 1356 1318 quasi,
1426 1257 1576 1301 cum
1643 1239 2025 1302 excessisset
2090 1258 2125 1303 e
2170 1238 2325 1314 vita,
2374 1240 2515 1301 tum

306 1347 585 1428 denique
652 1346 938 1408 victurus
1005 1349 1195 1409 esset.
1291 1344 1483 1421 Quod
1544 1346 1807 1426 quidem
1855 1346 1922 1409 ni
1966 1346 2060 1410 ita
2106 1365 2176 1409 se
2222 1345 2514 1422 haberet,

308 1458 379 1517 ut
426 1453 626 1516 animi
675 1452 1078 1516 immortales
1126 1457 1362 1526 essent,
1413 1452 1592 1515 haud
1631 1453 1861 1545 optimi
1900 1453 2213 1535 cuiusque
2260 1454 2518 1518 animus

307 1560 590 1624 maxime
637 1560 722 1624 ad
768 1559 1326 1623 Immortalitatem
1376 1562 1440 1622 et
1486 1559 1758 1637 gloriam
1808 1560 2139 1625 niteretur.

485 1665 698 1742 Quid?
749 1665 925 1746 quod
972 1665 1490 1747 sapientissimus
1538 1666 1813 1747 quisque
1852 1667 2247 1748 aequissimo
2296 1667 2517 1731 animo

309 1774 601 1850 moritur,
669 1773 1087 1836 stultissimus
1151 1773 1578 1853 iniquissimO,
1646 1793 1865 1838 nonne
1910 1774 2096 1838 vobis
2144 1775 2400 1839 videtur
2464 1775 2517 1838 is

310 1881 585 1956 animuS,
636 1880 746 1961 qui
793 1880 939 1961 plus
985 1884 1210 1944 cernat
1256 1883 1322 1943 et
1368 1881 1641 1960 longiUS,
1691 1881 1911 1945 videre
1960 1901 2030 1945 se
2094 1882 2181 1946 ad
2248 1881 2516 1946 meliora

310 1987 650 2068 proficisci,
682 1987 786 2050 ille
816 1991 1059 2064 autem,
1092 1987 1274 2051 cuius
1304 1987 1603 2051 obtusior
1629 1988 1710 2050 sit
1740 1989 1931 2066 acieS‚
1962 2008 2094 2053 non
2133 1989 2393 2052 videre?
2437 2027 2516 2033 -

309 2095 627 2176 Equidem
677 2095 909 2158 efferor
941 2094 1156 2158 studio
1185 2099 1408 2175 patres
1455 2099 1728 2172 vestrOS,
1778 2114 1943 2177 quos
1977 2096 2145 2160 colui
2192 2100 2257 2160 et
2304 2096 2516 2172 dilexi,

259 2247 265 2254 .
307 2201 590 2278 videndi,
641 2221 854 2283 neque
901 2221 1055 2265 vero
1107 2221 1217 2266 eos
1267 2202 1440 2267 solos
1486 2203 1839 2266 >convenire
1904 2221 2089 2279 aveo,
2156 2223 2323 2284 quos
2382 2204 2519 2285 ipse

310 2310 604 2390 cognovi,
652 2308 766 2372 sed
813 2309 955 2372 illos
1005 2310 1224 2387 etiam,
1280 2309 1360 2373 de
1409 2310 1648 2391 quibus
1695 2309 1914 2374 audivi
1962 2313 2027 2374 et
2082 2310 2205 2389 legi
2252 2313 2317 2374 et
2380 2311 2521 2391 ipse

311 2414 680 2497 conscripsi.
793 2415 938 2492 Quo
1027 2416 1292 2497 quidem
1369 2437 1472 2480 me
1532 2417 2048 2497 proficiscentem
2117 2417 2296 2481 haud
2360 2437 2520 2482 sane

312 2524 454 2604 quis
518 2523 702 2588 facile
769 2525 1113 2588 retraxerit
1161 2543 1279 2588 nec
1327 2529 1669 2605 tamquam
1717 2524 1960 2588 Peliam
2010 2524 2346 2589 recoxerit.
2440 2525 2519 2588 Et

309 2631 363 2693 si
411 2631 554 2712 quis
601 2631 760 2695 deus
809 2631 966 2694 mihi
1015 2632 1344 2710 largiatur,
1395 2635 1468 2695 ut
1515 2651 1594 2695 ex
1640 2631 1764 2695 hac
1810 2636 2029 2697 aetate
2058 2652 2515 2714 repuerascam

312 2742 378 2804 et
421 2738 488 2801 in
534 2739 717 2802 cunis
764 2738 1044 2818 vagiam,
1093 2739 1282 2802 valde
1344 2758 1640 2803 recusem
1705 2758 1824 2802 nec
1870 2759 2026 2803 vero
2073 2739 2265 2803 velim
2332 2741 2520 2821 quasi

312 2845 585 2909 decurso
632 2845 844 2929 spatio
894 2846 980 2910 ad
1027 2865 1317 2911 carceres
1364 2867 1403 2910 a
1467 2845 1641 2911 calce
1706 2848 2017 2911 revocari.
2109 2847 2280 2924 Quid
2346 2847 2519 2911 enim

313 2952 511 3016 habet
558 2953 692 3018 vita
728 2952 1096 3018 commodi?
1137 2953 1294 3035 quid
1327 2974 1459 3018 non
1488 2955 1708 3034 potius
1737 2954 2018 3018 laboris?
2111 2953 2242 3019 Sed
2281 2955 2521 3019 habeat

313 3077 491 3136 sane,
540 3059 740 3125 habet
785 3064 958 3125 certe
1003 3066 1225 3125 tamen
1255 3065 1372 3126 aut
1417 3062 1791 3126 satietatem
1840 3066 1955 3125 aut
1988 3062 2277 3126 modum.
2370 3061 2518 3126 Non

313 3166 469 3230 libet
525 3167 696 3230 enim
752 3168 911 3231 mihi
964 3168 1307 3249 deplorare
1351 3169 1576 3245 vitam,
1625 3169 1803 3249 quod
1848 3169 2056 3246 multi,
2117 3173 2181 3234 et
2236 3169 2278 3233 ii
2324 3168 2519 3246 docti,

313 3293 511 3354 saepe
564 3274 873 3352 fecerunt,
940 3294 1154 3356 neque
1219 3295 1325 3339 me
1372 3276 1609 3340 vixisse
1673 3276 1983 3357 paenitet,
2051 3277 2363 3358 quoniam
2428 3277 2519 3340 ita

313 3381 462 3457 vixi,
529 3384 602 3444 ut
664 3400 796 3445 non
859 3382 1096 3446 frustra
1144 3402 1250 3446 me
1296 3386 1529 3447 natum
1576 3383 1960 3461 existimem,
2012 3387 2077 3447 et
2124 3404 2202 3448 ex
2249 3384 2383 3446 vita
2428 3383 2519 3448 ita

314 3487 577 3552 discedo
642 3493 982 3569 tamquam
1049 3510 1128 3554 ex
1193 3490 1474 3570 hospitio
1500 3540 1515 3568 ,
1590 3510 1723 3554 non
1788 3495 2130 3571 tamquam
2199 3510 2234 3554 e
2298 3491 2517 3554 domo.

315 3594 780 3660 Commorandi
847 3597 1020 3660 enim
1084 3601 1322 3662 natura
1387 3599 1828 3662 deversorium
1896 3598 2105 3676 nobiS,
2154 3617 2288 3660 non
2334 3597 2521 3662 habi-

313 3702 497 3766 tandi
543 3703 742 3769 dedit.
837 3705 892 3768 O
957 3705 1364 3785 praeclarum
1431 3705 1629 3782 diem,
1696 3707 1845 3769 cum
1909 3706 1976 3768 in
2022 3704 2180 3768 illud
2228 3703 2519 3769 divinum

315 3810 684 3873 animorum
732 3811 1075 3875 concilium
1124 3814 1514 3892 coetumque
1559 3812 1935 3892 proficiscar
1963 3831 2244 3893 cumque
2274 3832 2353 3878 ex
2398 3812 2521 3878 hac

2545 1685 2598 1723 83

2548 2869 2601 2904 84
