2984 4309
371 371 532 413 εει-32
999 354 1173 419 CATO
1222 374 1413 419 MAIOR
1463 376 1539 418 m:
1586 374 1940 418 sannorum.
2498 356 2575 419 13

367 572 692 641 senectuti
729 573 1191 654 relinquemuS,
1231 578 1303 637 ut
1341 574 1791 638 adulescentes
1830 573 2084 649 doceat,
2124 572 2443 648 instituat,
2491 572 2575 636 ad

367 700 567 745 omne
595 680 787 744 officii
815 700 1055 744 munus
1085 681 1413 753 instruat?
1480 681 1627 758 Quo
1656 680 1921 761 quidem
1950 699 2147 761 opere
2177 679 2334 761 quid
2362 682 2579 768 potest

373 807 513 851 esse
541 788 982 867 praeclarius?
1077 788 1229 852 Mihi
1261 807 1415 853 vero
1441 791 1507 851 et
1535 788 1653 851 Cn.
1687 791 1751 851 et
1784 787 1856 850 P.
1888 786 2225 868 Scipiones
2254 790 2320 851 et
2348 787 2452 851 avi
2483 786 2578 850 tui

367 895 523 971 du0,
556 894 622 957 L.
656 894 972 959 Aemilius
1002 899 1066 960 et
1084 895 1158 957 P.
1183 894 1547 971 AfricanuS,
1580 895 1897 959 comitatu
1925 894 2237 957 nobilium
2267 893 2575 959 iuvenum

371 1001 683 1066 fortunati
731 1000 1140 1078 videbantur,
1187 1022 1308 1066 nec
1345 1002 1455 1065 ulli
1504 1002 1827 1067 bonarum
1857 1002 2093 1066 artium
2125 1000 2415 1081 magistri
2446 1020 2575 1065 non

366 1108 546 1172 beati
582 1109 877 1189 putandi,
918 1109 1217 1190 quamvis
1265 1110 1724 1174 consenuerint
1770 1109 1938 1171 vires
1976 1112 2173 1189 atque
2204 1107 2575 1197 defecerint.

551 1322 683 1385 Etsi
713 1322 854 1403 ipsa
887 1322 1010 1386 ista
1041 1323 1315 1387 defectio
1337 1323 1569 1386 virium
1600 1323 2083 1387 adulescentiae
2104 1322 2275 1386 vitiis
2305 1322 2579 1388 efficitur

367 1430 632 1510 saepius
678 1449 873 1510 quam
909 1432 1278 1494 senectutis.
1373 1430 1749 1493 Libidinosa
1798 1431 1969 1495 enim
2021 1434 2084 1493 et
2131 1430 2576 1510 intemperans

362 1536 812 1601 adulescentia
877 1538 1141 1601 effetum
1211 1556 1446 1618 corpus
1493 1535 1693 1601 tradit
1740 1537 2077 1602 senectuti.
2172 1538 2377 1620 Cyrus
2434 1537 2576 1618 qui·
2607 1568 2658 1603 ιω

369 1643 517 1707 dem
567 1643 742 1724 apud
791 1644 1289 1725 Xenophontem
1341 1664 1420 1709 eo
1467 1664 1789 1721 sermone,
1856 1664 2051 1725 quem
2110 1646 2395 1709 moriens
2460 1646 2580 1709 ha-

369 1750 526 1825 buit,
601 1770 749 1814 cum
798 1752 1154 1815 admodum
1205 1772 1403 1816 senex
1449 1756 1639 1828 esset,
1706 1755 1905 1833 negat
1950 1772 2020 1817 se
2067 1772 2384 1833 umquam
2432 1772 2579 1817 sen-

363 1858 530 1921 sisse
577 1862 976 1922 senectutem
1025 1852 1212 1922 suam
1265 1858 1749 1923 imbecilliorem
1818 1859 2079 1936 factam,
2146 1879 2348 1941 quam
2415 1859 2579 1923 adu-

364 1963 676 2027 lescentia
725 1963 968 2028 fuisset.
1063 1966 1198 2045 Ego
1246 1964 1316 2029 L.
1351 1965 1680 2029 Metellum
1723 1966 1986 2029 memini
2024 1985 2208 2048 puer,
2256 1966 2387 2047 qui,
2429 1985 2579 2030 cum

362 2070 796 2151 quadriennio
861 2076 1013 2152 post
1075 2072 1353 2136 alterum
1421 2072 1829 2136 consulatum
1898 2073 2188 2154 pontifex
2256 2073 2577 2138 maximus

367 2178 576 2242 factus
625 2181 815 2253 esset,
883 2178 1110 2258 viginti
1159 2183 1221 2242 et
1268 2179 1435 2243 duos
1480 2200 1690 2246 annos
1739 2181 1815 2258 ei,
1844 2179 2209 2244 sacerdotio
2276 2181 2575 2261 praefuit,

367 2286 458 2349 ita
506 2285 694 2349 bonis
742 2305 884 2349 esse
932 2286 1174 2350 viribus
1235 2290 1526 2379 extremo
1592 2292 1887 2368 tempore
1954 2287 2208 2365 aetatiS,
2279 2293 2348 2351 ut
2412 2288 2576 2353 adu-

364 2392 742 2455 lescentiam
789 2412 922 2456 non
971 2393 1349 2474 requireret.
1442 2393 1616 2456 Nihil
1678 2414 1945 2458 necesse
1992 2399 2090 2459 est
2137 2395 2294 2457 mihi
2342 2396 2423 2459 de
2470 2415 2576 2459 me

366 2500 506 2579 ipso
579 2499 813 2576 dicere,
882 2520 1286 2581 quamquam
1353 2506 1450 2565 est
1517 2502 1579 2563 id
1649 2500 1912 2582 quidem
1979 2502 2179 2566 senile
2245 2502 2577 2583 aetatique

321 2605 628 2669 'nostrae
677 2606 1070 2671 conceditur.
1167 2607 1516 2683 Videtisne,
1568 2610 1639 2671 ut
1685 2608 1867 2689 apud
1909 2607 2269 2673 Homerum
2327 2610 2575 2690 saepis-
2596 2596 2667 2708 ¹3?

359 2714 529 2775 sime
585 2713 823 2777 Nestor
887 2714 967 2777 de
1013 2714 1360 2778 virtutibus
1427 2714 1560 2777 suis
1624 2715 1995 2795 praedicet?
2086 2716 2376 2782 Tertiam
2443 2716 2575 2787 iam

367 2819 542 2883 enim
609 2823 894 2884 aetatem
959 2820 1298 2884 hominum
1348 2821 1631 2898 videbat,
1696 2841 1816 2886 nec
1882 2827 2023 2886 erat
2088 2823 2147 2886 ei
2193 2823 2573 2900 verendum,

360 2946 447 2991 ne
513 2946 668 2990 vera
733 2928 1118 3007 praedicans
1185 2930 1265 2992 de
1328 2948 1396 2992 se
1464 2929 1658 2993 nimis
1722 2929 2057 2995 videretur
2122 2935 2238 2994 aut
2292 2931 2577 2994 insolens

355 3038 477 3097 aut
541 3034 804 3115 loquax.
918 3035 1189 3112 Etenim,
1259 3040 1331 3099 ut
1395 3036 1487 3099 ait
1555 3037 1898 3114 HomeruS,
1970 3058 2068 3114 ,ex
2145 3038 2283 3102 eius
2357 3037 2577 3118 lingua

361 3141 552 3204 melle
601 3140 852 3205 dulcior
897 3141 1142 3207 fluebat
1190 3143 1442 3220 oratio‘,
1511 3163 1709 3225 quam
1777 3144 1863 3207 ad
1928 3146 2319 3209 suavitatem
2385 3145 2577 3210 nullis

357 3248 598 3327 egebat
643 3249 932 3329 corporis
981 3249 1242 3313 viribus,
1339 3248 1417 3314 Et
1464 3255 1686 3315 tamen
1735 3251 1867 3314 dux
1914 3251 2018 3315 ille
2067 3250 2375 3317 Graeciae
2423 3272 2577 3316 nus-

357 3374 565 3436 quam
639 3359 861 3436 optat,
938 3358 1011 3419 ut
1075 3357 1294 3422 Aiacis
1359 3357 1599 3420 similes
1675 3357 1920 3425 habeat
1984 3359 2207 3425 decem
2234 3410 2249 3437 ,
2324 3360 2438 3425 sed
2504 3349 2590 3423 ut'

363 3462 685 3539 Nestoris3
738 3464 913 3544 quod
964 3464 1018 3527 si
1065 3464 1186 3528 sibi
1233 3465 1562 3541 acciderit,
1630 3485 1762 3528 non
1828 3466 2107 3543 dubitat,
2172 3467 2330 3548 quin
2394 3467 2576 3531 brevi

360 3570 449 3633 sit
511 3568 710 3635 Troia
775 3570 1087 3651 peritura.
1200 3571 1330 3636 Sed
1404 3572 1603 3636 redeo
1668 3573 1753 3638 ad
1827 3593 1952 3638 me.
2064 3573 2387 3652 Quartum
2454 3593 2575 3653 ago
2605 3603 2657 3642 32

361 3696 610 3741 annum
679 3681 742 3741 et
808 3678 1308 3757 octogesimum;
1382 3680 1617 3743 vellem
1694 3680 1997 3761 equidem
2070 3680 2241 3745 idem
2313 3700 2574 3762 possem

359 3783 645 3863 gloriari,
695 3784 872 3865 quod
919 3784 1144 3866 CyruS,
1193 3785 1306 3848 sed
1355 3789 1576 3851 tamen
1626 3786 1750 3851 hoc
1797 3806 1967 3868 queo
2016 3788 2250 3865 dicere,
2300 3808 2433 3859 non
2470 3808 2576 3853 me
