2984 4309
409 356 496 419 ⁶26
1155 355 1240 419 M.
1287 356 1555 421 TcLLms
1598 356 1865 421 Cicnnos
2452 376 2621 417 59-oe

409 575 700 637 tuentem
746 590 1104 652 purpuram
1153 572 1292 635 eius
1349 576 1416 635 et
1475 572 1757 635 nitorem
1821 574 2111 653 corporis
2175 578 2621 655 ornatumque

409 678 740 743 Persicum
817 679 1026 742 multo
1097 698 1262 743 auro
1331 680 1684 760 multisque
1746 679 2023 759 gemmis
2086 680 2352 744 dixisse:
2428 682 2621 757 „Rite

411 805 568 849 vero
615 789 700 861 te,
739 786 930 867 Cyre,
977 786 1247 851 beatum
1275 786 1512 862 ferunt,
1560 787 1873 865 quoniam
1902 785 2125 850 virtuti
2170 791 2326 851 tuae
2355 788 2617 851 fortuna

329 920 382 958 (ευ
409 893 756 957 coniuncta
801 895 958 957 est.“
1003 931 1078 939 -
1109 892 1251 957 Hac
1288 893 1482 972 igitur
1526 893 1789 957 fortuna
1834 893 1959 956 frui
1986 894 2134 957 licet
2165 894 2450 969 senibus,
2500 915 2621 959 nec

336 2197 382 2237 61

332 3557 400 3608 18

338 3627 390 3667 62

410 1002 594 1065 aetas
637 1000 930 1081 impedit,
977 1000 1328 1081 quominus
1373 1004 1442 1063 et
1487 1003 1851 1064 ceterarum
1906 1020 2123 1063 rerum
2190 1004 2255 1063 et
2300 1001 2622 1082 imprimis

410 1108 548 1187 agri
613 1107 864 1171 colendi
932 1107 1148 1171 studia
1212 1112 1556 1171 teneamus
1622 1126 1828 1187 usque
1874 1108 1961 1171 ad
2006 1107 2307 1171 ultimum
2356 1112 2623 1189 tempus

411 1214 788 1279 senectutis,
875 1214 956 1277 Μ.
1007 1214 1270 1295 quidem
1321 1214 1653 1278 Valerium
1698 1214 2048 1279 Corvinum
2099 1215 2467 1296 accepimus
2531 1216 2618 1279 ad

411 1323 838 1387 centesimum
885 1340 1132 1385 annum
1177 1322 1577 1403 perduxisse,
1624 1341 1773 1385 cum
1820 1326 1990 1387 esset
2036 1326 2183 1386 acta
2230 1323 2362 1387 iam
2400 1328 2623 1389 aetate

411 1430 478 1493 in
544 1430 716 1510 agris
781 1448 1025 1511 eosque
1089 1429 1356 1505 coleret3
1419 1430 1603 1493 cuius
1668 1430 1837 1493 int'er
1902 1430 2183 1510 primum
2249 1435 2315 1494 et
2362 1434 2617 1494 sextum

413 1536 824 1601 consulatum
899 1556 1012 1602 sex
1087 1540 1154 1600 et
1218 1536 1653 1617 quadraginta
1717 1536 1873 1600 anni
1937 1537 2387 1601 interfuerunt.
2498 1538 2622 1614 lta,

413 1648 734 1724 quantum
799 1644 1082 1724 spatium
1150 1644 1386 1709 aetatis
1451 1645 1733 1708 maiores
1794 1643 1879 1707 ad
1944 1646 2298 1708 senectutis
2362 1646 2619 1708 initium

415 1768 556 1814 esse
603 1751 967 1827 voluerunt,
1031 1754 1256 1815 tantus
1316 1751 1404 1815 illi
1471 1771 1698 1815 cursus
1760 1751 2082 1815 honorum
2151 1752 2289 1815 fuit.
2398 1752 2622 1833 Atque

413 1857 608 1921 huius
669 1861 960 1921 extrema
1024 1862 1207 1923 aetas
1270 1859 1397 1923 hoc
1478 1860 1733 1923 beatior
1814 1878 2015 1939 quam
2098 1860 2317 1922 media
2339 1908 2356 1936 ,
2439 1860 2623 1940 quod

415 1965 823 2029 auctoritatis
869 1964 1153 2031 habebat
1201 1966 1367 2046 plus
1416 1965 1659 2029 laboris
1706 1966 1941 2030 minus,

597 2178 782 2260 Apex
847 2184 946 2243 est
1010 2183 1232 2243 autem
1297 2180 1648 2243 senectutis
1713 2180 2088 2259 auctoritas,
2183 2178 2447 2256 Quanta
2500 2179 2624 2243 fuit

419 2288 482 2350 in
547 2286 617 2349 L.
659 2285 938 2351 Caecilio
966 2272 972 2277 ’
1002 2286 1280 2363 Metelle,
1347 2291 1596 2367 quanta
1661 2288 1728 2350 in
1773 2287 1852 2350 A.
1902 2287 2100 2350 Atilio
2166 2286 2493 2351 Calatino!
2552 2285 2619 2348 in

418 2411 616 2473 quem
661 2392 820 2457 illud
866 2393 1173 2472 elogium:

639 2498 864 2575 „Hunc
911 2502 1114 2563 unum
1160 2500 1479 2581 plurimae
1526 2500 1944 2564 consentiunt
1987 2504 2212 2579 gentes

629 2606 862 2687 Populi
907 2607 1288 2689 primarium
1337 2609 1533 2671 fuisse
1580 2608 1789 2670 virum
1840 2658 1853 2670 .
1907 2658 1921 2671 .
1974 2612 2025 2671 .“

416 2714 661 2779 Notum
709 2717 807 2778 est
853 2717 1063 2777 totum
1115 2734 1377 2779 carmen
1414 2714 1689 2779 incisum
1738 2714 1803 2777 in
1844 2714 2186 2795 sepulcro·
2253 2714 2398 2778 Iure
2428 2714 2628 2794 igitur

417 2822 650 2901 graviS‚
710 2821 892 2884 cuius
939 2822 1020 2885 de
1067 2821 1368 2886 laudibus
1414 2822 1705 2885 omnium
1752 2825 1926 2885 esset
1969 2821 2145 2887 fama
2191 2822 2624 2885 consentiens,

418 2927 626 3005 Quem
658 2928 868 2991 virum
909 2948 1120 3011 nuper
1145 2928 1216 2993 P.
1247 2929 1576 3007 Crassum,
1606 2929 1978 3010 pontificem
2012 2928 2392 3005 maximum,
2426 2946 2619 3009 quem

416 3039 648 3117 postea
695 3035 778 3099 M.
818 3036 1156 3116 Lepidum,
1199 3036 1426 3100 eodem
1468 3035 1834 3099 sacerdotio
1874 3036 2264 3116 praeditum,
2313 3035 2623 3099 vidimus!

419 3142 591 3223 Quid
638 3143 720 3207 de
765 3142 973 3207 Paulo
1021 3147 1136 3207 aut
1180 3143 1487 3206 Africano
1536 3143 1769 3223 loquar
1814 3146 1948 3219 aut,
2005 3148 2079 3207 ut
2126 3143 2258 3207 iam
2305 3148 2482 3220 ante,
2544 3142 2627 3205 de

419 3251 741 3316 Maximo?
810 3270 1091 3332 quorum
1156 3248 1289 3314 non
1356 3251 1422 3315 in
1487 3252 1810 3315 sententia
1867 3251 2100 3327 solum,
2148 3250 2264 3314 sed
2312 3250 2507 3315 etiam
2558 3251 2624 3313 in

419 3362 582 3423 nutu
629 3358 958 3422 residebat
985 3358 1358 3424 auctoritas
1451 3358 1669 3422 Habet
1708 3360 2027 3435 senectUS‚
2072 3358 2398 3422 honorata
2434 3376 2625 3437 prae-

420 3466 662 3545 sertim,
707 3469 960 3530 tantam
990 3466 1466 3543 auctoritatem,
1516 3469 1591 3529 ut
1636 3484 1715 3529 ea
1770 3464 1973 3545 pluris
2019 3465 2103 3528 sit
2149 3484 2346 3545 quam
2396 3483 2626 3528 omnes

421 3574 901 3638 adulescentiae
951 3573 1336 3654 voluptates,
1429 3573 1561 3636 Sed
1608 3573 1674 3636 in
1732 3572 1911 3635 omni
1948 3572 2269 3636 oratione
2333 3590 2624 3635 memen—

419 3685 556 3746 tote
605 3700 750 3745 eam
798 3700 904 3745 me
943 3684 1341 3745 senectutem
1382 3680 1674 3757 laudare,
1714 3699 1884 3761 quae
1920 3679 2363 3743 fundamentis
2401 3678 2627 3742 adule-

421 3788 707 3853 scentiae
773 3787 1125 3853 constituta
1192 3788 1294 3851 sit.
1406 3787 1499 3850 Ex
1565 3806 1695 3868 quo
1763 3786 2035 3851 efficitur
2100 3785 2196 3862 id,
2263 3785 2439 3866 quod
2505 3802 2623 3863 ego
