2984 4309
381 395 540 435 13-15
1003 377 1176 441 CATO
1225 396 1416 441 MAloR
1463 397 1540 439 m:
1586 380 1943 443 sannorum.
2544 373 2579 441 7

377 595 598 661 studio
645 598 844 676 atque
891 612 1088 675 opere
1135 594 1432 658 cessavit.
1527 593 1674 672 Qui,
1722 614 1869 658 cum
1911 614 1987 659 ex
2020 614 2096 659 eo
2135 599 2583 675 quaereretur,

376 722 496 767 cur
557 706 696 766 tam
765 702 876 765 diu
942 701 1134 767 vellet
1199 720 1340 765 esse
1407 702 1472 764 in
1538 702 1709 765 vita:
1780 700 1973 778 ,Nihil
2029 701 2286 779 habeo‘,
2353 701 2583 783 inquit,

379 810 580 891 ,quod
654 829 955 875 accusem
1029 812 1475 872 senectutem‘.
1597 806 2014 873 Praeclarum
2074 827 2459 889 responsum
2520 812 2585 872 et

376 918 573 981 docto
621 916 882 981 homine
929 916 1218 995 dignum.
1310 916 1444 979 Sua
1485 915 1655 978 enim
1701 915 1855 979 vitia
1885 916 2364 996 insipienteset
2394 934 2583 979 suam

377 1024 639 1105 culpam
688 1024 754 1086 in
801 1026 1201 1087 senectutem
1251 1022 1610 1087 conferunt.
1704 1022 1901 1099 Quod
1964 1041 2099 1086 non
2164 1022 2443 1087 faciebat
2508 1022 2582 1099 is,

375 1132 563 1196 cuius
609 1131 806 1195 modo
853 1130 1250 1195 mentionem
1298 1128 1436 1208 feci,
1485 1129 1767 1193 Ennius:

603 1238 822 1315 „Sicut
868 1238 1047 1301 fortis
1097 1254 1320 1318 eqUUS,
1370 1236 1584 1318 spatio
1631 1236 1744 1317 qui
1791 1255 1987 1317 saepe
2034 1256 2341 1318 supremo

594 1345 760 1409 Vicit
808 1343 1126 1427 Olympia,
1175 1364 1348 1407 nunc
1395 1344 1576 1408 senio
1624 1344 1953 1407 confectus
2003 1342 2332 1424 quiescit.“

378 1452 546 1533 Equi
610 1451 793 1515 fortis
859 1455 923 1515 et
954 1462 958 1467 ’
987 1440 1249 1515 victoris
1317 1451 1634 1516 senectuti
1683 1454 2022 1531 comparat
2068 1469 2280 1515 suam.
2371 1449 2584 1527 Quem

325 1588 329 1593 ·
375 1559 644 1640 quidem
708 1558 916 1640 probe
979 1557 1351 1621 meminisse
1431 1557 1744 1638 potestis;
1836 1576 2009 1621 anno
2076 1557 2246 1621 enim
2312 1556 2585 1621 undevi-

376 1666 622 1729 cesimo
682 1668 831 1745 post
897 1664 1034 1729 eius
1100 1668 1378 1729 mortem
1445 1663 1511 1726 hi
1559 1663 1877 1741 consulcS‚
1943 1665 2019 1727 T.
2070 1664 2473 1729 Flamininus
2520 1668 2587 1728 et

381 1772 486 1836 Μ’.
535 1772 802 1849 Acilius,
868 1772 1018 1837 facti
1083 1776 1255 1849 sunt,
1321 1771 1427 1837 ille
1492 1776 1715 1835 autem
1782 1771 2111 1853 Caepione
2173 1775 2239 1835 et
2282 1771 2584 1852 Philippo

377 1880 616 1944 iterum
663 1879 1038 1944 consulibus
1085 1884 1382 1943 mortuus
1431 1883 1548 1956 est,
1597 1898 1745 1942 cum
1794 1898 1912 1957 ego
1961 1880 2248 1961 quinque
2296 1883 2361 1943 et
2396 1898 2585 1943 sexa-

375 1988 560 2066 ginta
607 2006 815 2052 annos
863 1990 1057 2050 natus
1103 1987 1308 2065 legem
1359 1986 1721 2049 Voconiam
1787 2004 2026 2065 magna
2074 2006 2234 2051 voce
2282 1990 2345 2051 et
2393 1985 2583 2049 bonis

375 2094 692 2159 lateribus
738 2095 936 2159 suasi.
1031 2094 1161 2158 Sed
1209 2113 1419 2159 annos
1465 2095 1881 2174 septuaginta
1927 2097 2125 2157 natus
2159 2132 2238 2140 —
2282 2097 2382 2157 tot
2410 2093 2581 2178 enim

379 2202 537 2265 vixit
584 2202 826 2266 Ennius
878 2240 956 2247 —-
1005 2202 1097 2267 ita
1143 2202 1392 2266 ferebat
1449 2200 1601 2275 du0,
1661 2219 1831 2281 quae
1897 2200 2181 2264 maxima
2246 2202 2580 2282 putantur,

375 2327 603 2385 onera,
650 2312 1109 2390 paupertatem
1157 2313 1221 2372 et
1267 2312 1691 2384 senectutem,
1750 2311 1821 2370 ut
1877 2307 1953 2371 iis
2000 2326 2209 2388 paene
2276 2306 2583 2372 delectari

376 2416 726 2480 videretur.

929 2595 1342 2691 Ubergang
1386 2610 1544 2674 und
1588 2610 2043 2690 Einteilung.

558 2735 840 2814 Etenim,
917 2756 1064 2800 cum
1145 2736 1542 2816 complector
1615 2734 1868 2811 anim0,
1944 2737 2256 2815 quattuor
2328 2734 2580 2816 reperio

372 2862 631 2918 causaS‚
681 2862 794 2907 cur
841 2846 1140 2907 senectus
1187 2842 1426 2907 misera
1474 2842 1797 2919 videatur,
1846 2861 2067 2919 unam,
2127 2841 2304 2922 quod
2352 2846 2583 2907 avocet

2616 932 2665 971 14

2614 2760 2663 2799 15

373 2971 420 3015 a
466 2950 662 3014 rebus
708 2950 1024 3030 gerendiS,
1073 2950 1367 3027 alteram,
1439 2949 1617 3031 quod
1683 2950 1919 3030 corpus
1984 2948 2179 3013 faciat
2243 2949 2580 3025 infirmiuS,
2623 3018 2631 3025 ‚

378 3058 663 3134 tertiam,
711 3056 887 3138 quod
935 3057 1145 3138 privet
1192 3056 1323 3121 fere
1371 3057 1675 3120 omnibus
1724 3056 2189 3137 voluptatibus,
2256 3061 2581 3137 quartam,

373 3165 560 3246 quod
607 3163 784 3230 haud
829 3164 1056 3245 procul
1103 3163 1274 3229 absit
1321 3186 1360 3229 a
1407 3168 1641 3229 morte.
1736 3164 1997 3241 Earum,
2048 3163 2101 3228 si
2147 3164 2380 3245 placet,
2430 3182 2583 3227 cau-

375 3292 603 3336 sarum
652 3275 900 3353 quanta
947 3290 1280 3353 quamque
1327 3272 1409 3334 sit
1456 3272 1627 3334 iusta
1675 3290 1807 3333 una
1855 3289 2174 3352 quaeque,
2222 3270 2580 3335 videamus,

1273 3450 1694 3532 Hauptteil.

374 3573 444 3626 A.
473 3572 886 3637 widerlegung
904 3573 1002 3626 des
1022 3574 1214 3625 ersten
1233 3548 1561 3626 Vorwurfs:
1581 3572 1701 3625 Das
1722 3571 1886 3626 Alter
1905 3572 2029 3625 halt
2048 3586 2152 3625 von
2174 3571 2465 3635 Tzitigkeit
2485 3572 2579 3627 ab.

555 3700 614 3761 A
679 3700 874 3763 rebus
939 3698 1236 3781 gerendis
1300 3702 1601 3763 senectus
1670 3698 2009 3763 abstrahit.
2130 3698 2430 3777 Quibus?
2495 3718 2637 3768 ane

373 3806 475 3883 iis,
526 3825 698 3886 quae
746 3806 1082 3872 iuventute
1129 3810 1443 3887 geruntur
1510 3809 1574 3871 et
1620 3804 1863 3869 viribus
1884 3810 1913 3870 P
2005 3806 2323 3872 Nullaene
2388 3806 2582 3887 igitur

2283 3914 2367 3976 2*
