2984 4309
290 399 448 440 72-75
925 383 1097 450 CA-ro
1147 402 1337 447 MAlon
1385 403 1461 446 m:
1508 401 1861 446 semorum.
2418 380 2494 442 31

296 597 570 662 destruit
653 597 952 662 facillime
979 647 992 673 ,
1069 599 1176 679 qui
1244 598 1643 674 construxit,
1712 599 1803 664 sic
1866 598 2200 663 hominem
2269 597 2499 661 eadem

293 705 557 786 optime,
606 723 776 786 quae
825 705 1312 783 conglutinavit,
1363 711 1601 770 natura
1659 705 1972 770 dissolvit.
2084 705 2223 769 Iam
2291 705 2503 768 omnis

291 810 760 891 conglutinatio
793 831 1018 878 recens
1047 832 1261 893 aegre,
1309 813 1673 878 inveterata
1711 813 1897 878 facile
1934 810 2311 897 divellitur]
2405 812 2503 876 Ita

291 919 382 996 fit,
451 922 523 981 ut
589 917 747 982 illud
794 918 992 983 breve
1039 919 1212 984 vitae
1277 920 1601 1001 reliquum
1651 939 1771 984 nec
1819 919 2011 984 avide
2058 919 2503 1001 appetendum

293 1026 556 1089 senibus
600 1045 721 1090 nec
768 1026 908 1090 sine
953 1046 1152 1091 causa
1201 1027 1636 1114 deserendum
1676 1017 1785 1102 sit3
1837 1030 2146 1107 vetatque
2175 1027 2503 1109 Pythago·
2535 1040 2591 1083 ⁷⁸

292 1152 398 1197 ras
445 1133 694 1196 iniussu
742 1132 1171 1214 imperatoriS,
1221 1133 1286 1196 id
1325 1137 1423 1197 est
1460 1133 1585 1210 dei,
1635 1133 1717 1198 de
1755 1134 2081 1215 praesidio
2121 1137 2186 1198 et
2224 1135 2506 1199 statione

295 1239 466 1303 vitae
530 1239 860 1304 decedere.
971 1239 1228 1304 Solonis
1295 1241 1557 1322 quidem
1624 1241 1936 1322 sapientis
2022 1245 2118 1306 est
2203 1241 2503 1320 elogium,

294 1365 425 1428 quo
490 1365 560 1408 se
624 1349 821 1427 negat
885 1348 1048 1415 velle
1114 1367 1320 1412 suam.
1367 1351 1647 1412 mortem
1725 1348 1949 1412 dolore
2015 1349 2373 1413 amicorum
2440 1352 2507 1412 et

294 1453 598 1518 lamentis
663 1473 917 1518 vacare.
1030 1455 1201 1532 Volt,
1269 1456 1483 1532 crede,
1551 1475 1621 1519 se
1686 1475 1830 1520 esse
1896 1475 2120 1520 carum
2167 1456 2328 1531 suis;
2389 1455 2505 1526 sed

296 1558 476 1625 haud
524 1561 655 1624 scio
703 1581 790 1626 an
836 1561 1067 1626 melius
1114 1561 1388 1626 Ennius:

440 1648 452 1661 ⁸
519 1667 763 1746 „Nemo
811 1687 917 1732 me
964 1670 1292 1733 dacrumis
1345 1669 1610 1734 decoret
1656 1689 1868 1751 neque
1914 1669 2142 1734 funera
2188 1670 2347 1734 fletu

724 1776 967 1840 Faxit.“

297 1881 444 1946 Non
510 1887 730 1948 censet
784 1866 1140 1963 lugendam
1207 1904 1349 1948 esse
1412 1888 1713 1961 mortem,
1781 1904 1980 1965 quam
2050 1884 2539 1949 immortalitan

297 1993 751 2070 consequatur.

473 2096 608 2160 Iam
677 2117 905 2161 sensus
969 2099 1287 2162 moriendi
1353 2099 1589 2179 aliquis
1656 2119 1795 2164 esse
1860 2103 2097 2181 potest,
2166 2100 2350 2181 isque
2418 2099 2505 2164 ad
2536 2118 2591 2158 74

298 2203 596 2283 exiguum
671 2207 949 2286 tempuS,
1016 2206 1402 2287 praesertim
1470 2207 1637 2282 seni;
1705 2210 1856 2288 post
1910 2212 2190 2271 mortem
2240 2205 2502 2288 quidem

298 2330 527 2375 sensus
575 2315 690 2374 aut
737 2311 1066 2393 optandus
1112 2318 1229 2378 aut
1274 2314 1488 2378 nullus
1540 2317 1656 2378 est.
1750 2313 1880 2378 Sed
1928 2315 2053 2379 hoc
2118 2315 2505 2380 meditatum

299 2419 384 2480 ab
431 2418 872 2484 adulescentia
939 2419 1133 2485 debet
1200 2440 1360 2498 esse,
1433 2426 1713 2486 mortem
1763 2426 1833 2485 ut
1879 2423 2318 2502 neglegamus,
2368 2422 2507 2485 sine

299 2545 430 2607 qua
517 2525 938 2591 meditatione
1026 2528 1377 2608 tranquillo
1469 2529 1691 2594 animo
1780 2548 1923 2594 esse
1996 2547 2189 2593 nemo
2266 2532 2505 2609 potest.

300 2631 706 2696 Moriendum
753 2634 926 2698 enim
976 2639 1149 2699 certe
1198 2639 1316 2712 est,
1365 2639 1430 2698 et
1477 2636 1818 2711 incertum,
1868 2654 1953 2699 an
2001 2635 2125 2699 hoc
2170 2635 2312 2715 ipso
2380 2635 2505 2699 die.

302 2741 576 2804 Mortem
649 2741 843 2820 igitur
881 2742 1220 2806 omnibus
1292 2742 1468 2806 horis
1541 2742 2029 2823 impendentem
2094 2743 2330 2806 timens
2396 2748 2507 2824 qui

297 2848 539 2929 poterit
584 2849 803 2912 animo
852 2849 1246 2914 consistere?
1339 2850 1434 2914 De
1481 2869 1612 2931 qua
1664 2869 1795 2913 non
1842 2850 1934 2914 ita
1971 2850 2165 2929 longa
2214 2849 2508 2931 disputa·
2540 2866 2594 2906 ⁷⁵

300 2955 476 3019 tione
519 2951 708 3037 ‘opus
771 2977 912 3021 esse
960 2957 1234 3034 videtur,
1302 2977 1448 3022 cum
1519 2958 1822 3022 recorder
1886 2977 2018 3021 non
2084 2957 2152 3021 L.
2214 2958 2507 3033 Brutum,

300 3062 411 3142 qui
459 3062 523 3124 in
571 3062 908 3128 liberanda
973 3064 1187 3145 patria
1254 3069 1352 3128 est
1400 3064 1795 3141 interfectUS,
1862 3084 1994 3128 non
2044 3064 2209 3128 duos
2256 3064 2508 3140 DeciOS,

300 3169 412 3250 qui
459 3168 545 3232 ad
591 3169 1030 3236 voluntariam
1081 3174 1356 3236 mortem
1410 3190 1671 3235 cursum
1708 3189 2023 3252 equorum
2056 3170 2510 3246 incitaverunt,

298 3295 432 3339 non
480 3277 561 3338 Μ.
613 3277 904 3355 Atilium,
955 3279 1063 3358 qui
1113 3279 1198 3342 ad
1229 3278 1616 3359 supplicium
1668 3284 1766 3343 est
1798 3279 2147 3360 profectus,
2197 3283 2269 3341 ut
2316 3277 2510 3342 fldem

296 3382 468 3447 hosti
533 3384 760 3450 datam
826 3390 1273 3461 conservaret,
1340 3405 1470 3449 non
1541 3385 1706 3450 duos
1774 3386 2141 3466 ScipioneS,
2214 3385 2325 3466 qui
2390 3385 2516 3449 iter

297 3489 535 3554 Poenis
581 3491 683 3556 vel
731 3493 1111 3574 corporibus
1157 3493 1291 3557 suis
1339 3493 1680 3557 obstruere
1726 3493 2091 3569 voluerunt,
2140 3512 2274 3556 non
2314 3511 2513 3556 avum

299 3601 488 3661 tuum
553 3598 654 3663 L.'
689 3598 997 3676 Paulum,
1063 3601 1174 3681 qui
1239 3606 1450 3665 morte
1515 3602 1634 3665 luit
1700 3601 1987 3679 collegae
2052 3599 2114 3662 in
2184 3586 2516 3664 Cannensi
2592 3637 2599 3644 -

299 3703 653 3784 ignominia
700 3707 1156 3785 temeritatem,
1204 3727 1337 3770 non
1385 3707 1469 3771 M.
1511 3708 1911 3784 Marcellum,
1959 3705 2141 3770 cuius
2180 3707 2515 3770 interitum

297 3830 381 3874 ne
429 3809 911 3876 crudelissimus
959 3813 1224 3895 quidem
1273 3814 1478 3877 hostis
1533 3814 1782 3878 honore
1848 3813 2225 3895 sepulturae
2292 3831 2519 3877 carere
